
@book{bowker_sorting_2000,
	title = {Sorting things out: {Classification} and its consequences},
	publisher = {MIT press},
	author = {Bowker, Geoffrey C and Star, Susan Leigh},
	year = {2000},
	keywords = {categories}
}

@article{amoore_biometric_2006,
	title = {Biometric borders: {Governing} mobilities in the war on terror},
	volume = {25},
	number = {3},
	journal = {Political geography},
	author = {Amoore, Louise},
	year = {2006},
	keywords = {web border, web migration},
	pages = {336--351}
}

@article{twigt_mediation_2018,
	title = {The mediation of hope: {Digital} technologies and affective affordances within {Iraqi} refugee households in {Jordan}},
	volume = {4},
	number = {1},
	journal = {Social Media+ Society},
	author = {Twigt, Mirjam A},
	year = {2018},
	keywords = {web refugees},
	pages = {2056305118764426}
}

@article{diminescu_connected_2008,
	title = {The connected migrant: an epistemological manifesto},
	volume = {47},
	number = {4},
	journal = {Social Science Information},
	author = {Diminescu, Dana},
	year = {2008},
	keywords = {web migration},
	pages = {565--579}
}

@article{kutscher_ambivalent_2018,
	title = {The ambivalent potentials of social media use by unaccompanied minor refugees},
	volume = {4},
	number = {1},
	journal = {Social Media+ Society},
	author = {Kutscher, Nadia and Kre{\textbackslash}s s, Lisa-Marie},
	year = {2018},
	keywords = {web refugees},
	pages = {2056305118764438}
}

@article{gillespie_syrian_2018,
	title = {Syrian refugees and the digital passage to {Europe}: {Smartphone} infrastructures and affordances},
	volume = {4},
	number = {1},
	journal = {Social Media+ Society},
	author = {Gillespie, Marie and Osseiran, Souad and Cheesman, Margie},
	year = {2018},
	keywords = {web refugees},
	pages = {2056305118764440}
}

@article{dekker_smart_2018,
	title = {Smart {Refugees}: {How} {Syrian} {Asylum} {Migrants} {Use} {Social} {Media} {Information} in {Migration} {Decision}-{Making}},
	volume = {4},
	number = {1},
	journal = {Social Media+ Society},
	author = {Dekker, Rianne and Engbersen, Godfried and Klaver, Jeanine and Vonk, Hanna},
	year = {2018},
	keywords = {web migration, web refugees}
}

@article{latonero_digital_2018,
	title = {On digital passages and borders: {Refugees} and the new infrastructure for movement and control},
	volume = {4},
	number = {1},
	journal = {Social Media+ Society},
	author = {Latonero, Mark and Kift, Paula},
	year = {2018},
	keywords = {web border, web refugees},
	pages = {2056305118764432}
}

@article{sanchez-querubin_connected_2018,
	title = {Connected routes: {Migration} studies with digital devices and platforms},
	volume = {4},
	number = {1},
	journal = {Social Media+ Society},
	author = {Sánchez-Querubín, Natalia and Rogers, Richard},
	year = {2018},
	keywords = {web migration, web refugees}
}

@article{kumar_rerouting_2018,
	title = {Rerouting the narrative: {Mapping} the online identity politics of the {Tamil} and {Palestinian} diaspora},
	volume = {4},
	number = {1},
	journal = {Social Media+ Society},
	author = {Kumar, Priya},
	year = {2018},
	keywords = {web migration}
}

@article{sabancioglu_new_2011,
	title = {New {Custom} for the {Old} {Village} {Interpreting} {History} through {Turkish} {Village} {Web}-{Sites}},
	author = {Sabancioglu, Musemma},
	year = {2011},
	keywords = {web migration}
}

@book{castells_rise_2011,
	title = {The rise of the network society},
	volume = {12},
	publisher = {John Wiley \& Sons},
	author = {Castells, Manuel},
	year = {2011},
	keywords = {web social}
}

@book{denardis_protocol_2009,
	title = {Protocol politics: {The} globalization of {Internet} governance},
	publisher = {Mit Press},
	author = {DeNardis, Laura},
	year = {2009},
	keywords = {web border}
}

@book{galloway_protocol:_2004,
	title = {Protocol: {How} control exists after decentralization},
	publisher = {MIT press},
	author = {Galloway, Alexander R},
	year = {2004},
	keywords = {web border, gouvernance numerique}
}

@article{los_looking_2006,
	title = {Looking into the future: {Surveillance}, globalization and the totalitarian potential},
	journal = {Theorizing surveillance: The panopticon and beyond},
	author = {Los, Maria},
	year = {2006},
	keywords = {gouvernance numerique},
	pages = {69--94}
}

@article{pelizza_developing_2016,
	title = {Developing the {Vectorial} {Glance}: {Infrastructural} {Inversion} for the {New} {Agenda} on {Government} {Information} {Systems}},
	volume = {41},
	number = {2},
	journal = {Science, Technology, \& Human Values},
	author = {Pelizza, Annalisa},
	year = {2016},
	keywords = {web border, gouvernance numerique},
	pages = {298--321}
}

@article{potzsch_emergence_2015,
	title = {The emergence of {iBorder}: {Bordering} bodies, networks, and machines},
	volume = {33},
	number = {1},
	journal = {Environment and Planning D: Society and Space},
	author = {Pötzsch, Holger},
	year = {2015},
	keywords = {web border},
	pages = {101--118}
}

@article{bauman_between_2018,
	title = {Between separation and integration: {Strategies} of cohabitation in the era of diasporization and {Internet}},
	volume = {16},
	number = {1},
	journal = {Popular Communication},
	author = {Bauman, Zygmunt},
	year = {2018},
	keywords = {web migration},
	pages = {1--3}
}

@article{leurs_connected_2018,
	title = {Connected migrants: {Encapsulation} and cosmopolitanization},
	volume = {16},
	number = {1},
	journal = {Popular Communication},
	author = {Leurs, Koen and Ponzanesi, Sandra},
	year = {2018},
	keywords = {web migration},
	pages = {4--20}
}

@article{witteborn_digital_2018,
	title = {The digital force in forced migration: {Imagined} affordances and gendered practices},
	volume = {16},
	number = {1},
	journal = {Popular Communication},
	author = {Witteborn, Saskia},
	year = {2018},
	keywords = {web migration},
	pages = {21--31}
}

@article{georgiou_does_2018,
	title = {Does the subaltern speak? {Migrant} voices in digital {Europe}},
	volume = {16},
	number = {1},
	journal = {Popular Communication},
	author = {Georgiou, Myria},
	year = {2018},
	keywords = {web migration},
	pages = {45--57}
}

@article{risam_now_2018,
	title = {Now you see them: {Self}-representation and the refugee selfie},
	volume = {16},
	number = {1},
	journal = {Popular Communication},
	author = {Risam, Roopika},
	year = {2018},
	keywords = {web migration, web refugees},
	pages = {58--71}
}

@book{morozov_save_2013,
	title = {To save everything, click here: {Technology}, solutionism, and the urge to fix problems that don’t exist},
	publisher = {Penguin UK},
	author = {Morozov, Evgeny},
	year = {2013},
	keywords = {solutionisme}
}

@book{ellul_bluff_2004,
	series = {Collection {Pluriel}},
	title = {Le bluff technologique},
	isbn = {978-2-01-279211-1},
	url = {https://books.google.fr/books?id=RmgttAEACAAJ},
	publisher = {Hachette Littératures},
	author = {Ellul, J.},
	year = {2004},
	keywords = {solutionisme}
}

@article{aturban_difficulties_2017,
	title = {Difficulties of {Timestamping} {Archived} {Web} {Pages}},
	journal = {arXiv preprint arXiv:1712.03140},
	author = {Aturban, Mohamed and Nelson, Michael L and Weigle, Michele C},
	year = {2017},
	keywords = {web archive}
}

@misc{project_archives_nodate,
	title = {The {Archives} {Unleashed} {Project}},
	url = {https://archivesunleashed.org/},
	urldate = {2018-05-03},
	author = {Project, The Archives Unleashed},
	keywords = {web archive},
	file = {Snapshot:/home/qlobbe/.mozilla/firefox/8d1the0f.default/zotero/storage/JETPJI29/archivesunleashed.org.html:text/html}
}

@article{brugger_website_2009,
	title = {Website history and the website as an object of study},
	volume = {11},
	number = {1-2},
	journal = {New Media \& Society},
	author = {Brügger, Niels},
	year = {2009},
	keywords = {web archive},
	pages = {115--132}
}

@book{brugger_web_2017,
	title = {The {Web} as {History}: {Using} {Web} {Archives} to {Understand} the {Past} and the {Present}},
	publisher = {UCL Press},
	author = {Brügger, Niels and Schroeder, Ralph},
	year = {2017},
	keywords = {web archive}
}

@article{nelson_mapping_2017,
	title = {Mapping inequality},
	journal = {American panorama},
	author = {Nelson, Robert K and Winling, L and Marciano, Richard and Connolly, Nathan and {others}},
	year = {2017},
	keywords = {digital humanities, web migration, visualisation}
}

@book{heppler_american_2017,
	title = {American {Panorama}: {An} {Atlas} of {United} {States} {History}},
	publisher = {Oxford University Press},
	author = {Heppler, Jason A},
	year = {2017},
	keywords = {digital humanities, web migration, visualisation}
}

@book{le_glaunec_marronnage_2010,
	title = {Le marronnage à {Saint}-{Domingue} ({Haïti}): histoire, mémoire, technologie},
	publisher = {Université de Sherbrooke},
	author = {Le Glaunec, Jean-Pierre and Robichaud, Léon},
	year = {2010},
	keywords = {digital humanities, visualisation}
}

@article{arms_research_2006,
	title = {A research library based on the historical collections of the {Internet} {Archive}},
	volume = {12},
	number = {2},
	journal = {D-Lib Magazine},
	author = {Arms, William Y and Aya, Selcuk and Dmitriev, Pavel and Kot, Blazej and Mitchell, Ruth and Walle, Lucia},
	year = {2006},
	keywords = {web archive},
	pages = {1082--9873}
}

@book{barats_manuel_2016,
	title = {Manuel d'analyse du web-2e éd.: {En} {Sciences} {Humaines} et {Sociales}},
	publisher = {Armand Colin},
	author = {Barats, Christine},
	year = {2016},
	keywords = {web migration}
}

@book{basch_nations_2005,
	title = {Nations unbound: {Transnational} projects, postcolonial predicaments, and deterritorialized nation-states},
	publisher = {Routledge},
	author = {Basch, Linda and Schiller, Nina Glick and Blanc, Christina Szanton},
	year = {2005},
	keywords = {migration}
}

@article{baubock_expansive_2005,
	title = {Expansive citizenship—voting beyond territory and membership},
	volume = {38},
	number = {4},
	journal = {PS: Political Science \& Politics},
	author = {Bauböck, Rainer},
	year = {2005},
	keywords = {web migration},
	pages = {683--687}
}

@article{ben-david_palestinian_2012,
	title = {The {Palestinian} diaspora on the {Web}: {Between} de-territorialization and re-territorialization},
	volume = {51},
	number = {4},
	journal = {Social Science Information},
	author = {Ben-David, Anat},
	year = {2012},
	keywords = {web migration},
	pages = {459--474}
}

@book{benhabib_identities_2007,
	title = {Identities, affiliations, and allegiances},
	publisher = {Cambridge University Press},
	author = {Benhabib, Seyla and Shapiro, Ian and Petranovich, Danilo},
	year = {2007},
	keywords = {migration}
}

@article{bernal_diaspora_2006,
	title = {Diaspora, cyberspace and political imagination: the {Eritrean} diaspora online},
	volume = {6},
	number = {2},
	journal = {Global networks},
	author = {Bernal, Victoria},
	year = {2006},
	keywords = {web migration},
	pages = {161--179}
}

@book{brinkerhoff_digital_2009,
	title = {Digital diasporas: {Identity} and transnational engagement},
	publisher = {Cambridge University Press},
	author = {Brinkerhoff, Jennifer M},
	year = {2009},
	keywords = {web migration}
}

@book{brugger_web_2010,
	title = {Web history},
	publisher = {Peter Lang},
	author = {Brügger, Niels},
	year = {2010},
	keywords = {web archive}
}

@inproceedings{day_preserving_2003,
	title = {Preserving the fabric of our lives: {A} survey of web preservation initiatives},
	booktitle = {International {Conference} on {Theory} and {Practice} of {Digital} {Libraries}},
	publisher = {Springer},
	author = {Day, Michael},
	year = {2003},
	keywords = {web archive},
	pages = {461--472}
}

@article{chun_enduring_2008,
	title = {The enduring ephemeral, or the future is a memory},
	volume = {35},
	number = {1},
	journal = {Critical Inquiry},
	author = {Chun, Wendy Hui Kyong},
	year = {2008},
	keywords = {temporalité},
	pages = {148--171}
}

@article{de_maeyer_towards_2013,
	title = {Towards a hyperlinked society: {A} critical review of link studies},
	volume = {15},
	number = {5},
	journal = {New Media \& Society},
	author = {De Maeyer, Juliette},
	year = {2013},
	keywords = {web social},
	pages = {737--751}
}

@book{diminescu_e-diasporas_2012,
	title = {E-{Diasporas} {Atlas}: {Exploration} and {Cartography} of {Diasporas} on {Digital} {Networks}},
	publisher = {Ed. de la Maison des sciences de l'homme},
	author = {Diminescu, Dana},
	year = {2012},
	keywords = {web migration}
}

@book{diminescu_introduction:_2012,
	title = {Introduction: {Digital} methods for the exploration, analysis and mapping of e-diasporas},
	publisher = {Sage Publications Sage UK: London, England},
	author = {Diminescu, Dana},
	year = {2012},
	keywords = {web migration}
}

@article{dougherty_researcher_2010,
	title = {Researcher engagement with web archives: {State} of the art},
	author = {Dougherty, Meghan and Meyer, Eric and Madsen, Christine and Van den Heuvel, Charles and Thomas, Arthur and Wyatt, Sally},
	year = {2010},
	keywords = {web archive}
}

@book{dufoix_les_2003,
	address = {Paris},
	series = {Que sais-je ?},
	title = {Les diasporas},
	isbn = {978-2-13-053929-2},
	url = {https://www.cairn.info/les-diasporas--9782130539292.htm},
	abstract = {Ce mot est devenu un terme évoquant à la fois un phénomène de dispersion, une organisation ethnique, nationale ou religieuse, une population dispersée sur plusieurs territoires, les lieux de la dispersion, des espaces d'échanges...

Ce QSJ analyse les différents sens actuels et réalités que recouvre ce terme.},
	language = {FR},
	publisher = {Presses Universitaires de France},
	author = {Dufoix, Stéphane},
	year = {2003},
	keywords = {migration}
}

@book{elliot_letters_2006,
	title = {Letters across borders: {The} epistolary practices of international migrants},
	publisher = {Springer},
	author = {Elliot, B and Gerber, D and Sinke, S},
	year = {2006},
	keywords = {migration}
}

@book{foot_object-oriented_2010,
	title = {Object-oriented web historiography},
	publisher = {na},
	author = {Foot, Kirsten and Schneider, Steven},
	year = {2010},
	keywords = {web archive}
}

@article{hendler_web_2008,
	title = {Web science: an interdisciplinary approach to understanding the web},
	volume = {51},
	number = {7},
	journal = {Communications of the ACM},
	author = {Hendler, James and Shadbolt, Nigel and Hall, Wendy and Berners-Lee, Tim and Weitzner, Daniel},
	year = {2008},
	keywords = {web archive},
	pages = {60--69}
}

@article{jacomy_methodologies_2007,
	title = {Méthodologies d’analyse de corpus en sciences humaines à l’aide du {Navicrawler}},
	journal = {Programme TIC-Migrations. Paris: Fondation de la Maison des Sciences de l’Homme},
	author = {JACOMY, Mathieu and Ghitalla, F and Diminescu, D},
	year = {2007},
	keywords = {web migration}
}

@article{koukoutsaki-monnier_deterritorialising_2012,
	title = {Deterritorialising the nation? {Internet} and the politics of the {Greek}-{American} diaspora},
	volume = {18},
	number = {4},
	journal = {Nations and Nationalism},
	author = {Koukoutsaki-Monnier, Angeliki},
	year = {2012},
	keywords = {web migration},
	pages = {663--683}
}

@book{larner_global_2004,
	title = {Global governmentality: governing international spaces},
	publisher = {Routledge},
	author = {Larner, Wendy and Walters, William},
	year = {2004},
	keywords = {gouvernance numerique, migration}
}

@incollection{masanes_web_2006,
	title = {Web archiving: issues and methods},
	booktitle = {Web {Archiving}},
	publisher = {Springer},
	author = {Masanès, Julien},
	year = {2006},
	keywords = {web archive},
	pages = {1--53}
}

@book{milne_letters_2012,
	title = {Letters, postcards, email: {Technologies} of presence},
	volume = {24},
	publisher = {Routledge},
	author = {Milne, Esther},
	year = {2012},
	keywords = {migration}
}

@article{niu_overview_2012,
	title = {An overview of web archiving},
	volume = {18},
	number = {3/4},
	journal = {D-Lib magazine},
	author = {Niu, Jinfang},
	year = {2012},
	keywords = {web archive}
}

@article{park_developing_2008,
	title = {Developing network indicators for ideological landscapes from the political blogosphere in {South} {Korea}},
	volume = {13},
	number = {4},
	journal = {Journal of computer-mediated communication},
	author = {Park, Han Woo and Thelwall, Mike},
	year = {2008},
	keywords = {web migration, web social},
	pages = {856--879}
}

@article{rogers_national_2013,
	title = {National {Web} {Studies}},
	journal = {A companion to new media dynamics},
	author = {Rogers, Richard and Weltevrede, Esther and Borra, Erik and Niederer, Sabine},
	year = {2013},
	keywords = {web migration},
	pages = {142--166}
}

@article{safran_diasporas_1991,
	title = {Diasporas in modern societies: {Myths} of homeland and return},
	volume = {1},
	number = {1},
	journal = {Diaspora: A journal of transnational studies},
	author = {Safran, William},
	year = {1991},
	keywords = {migration},
	pages = {83--99}
}

@article{schneider_web_2005,
	title = {Web sphere analysis: {An} approach to studying online action},
	journal = {Virtual methods: Issues in social research on the Internet},
	author = {Schneider, Steven M and Foot, Kirsten A},
	year = {2005},
	keywords = {web social},
	pages = {157--170}
}

@article{schneider_web_2004,
	title = {The web as an object of study},
	volume = {6},
	number = {1},
	journal = {New media \& society},
	author = {Schneider, Steven M and Foot, Kirsten A},
	year = {2004},
	keywords = {web archive},
	pages = {114--122}
}

@article{scioldo-zurcher_memory_2012,
	title = {Memory and influence on the {Web}: {French} colonial repatriates from 1950 to the present},
	volume = {51},
	number = {4},
	journal = {Social Science Information},
	author = {Scioldo-Zürcher, Yann},
	year = {2012},
	keywords = {web migration},
	pages = {475--501}
}

@book{sheffer_diaspora_2003,
	title = {Diaspora politics: {At} home abroad},
	publisher = {Cambridge University Press},
	author = {Sheffer, Gabriel},
	year = {2003},
	keywords = {migration}
}

@book{skrbis_long-distance_2017,
	title = {Long-distance nationalism: diasporas, homelands and identities},
	publisher = {Taylor \& Francis},
	author = {Skrbiš, Zlatko},
	year = {2017},
	keywords = {migration}
}

@article{smith_diasporic_2003,
	title = {Diasporic memberships in historical perspective: comparative insights from the {Mexican}, {Italian} and {Polish} cases},
	volume = {37},
	number = {3},
	journal = {International Migration Review},
	author = {Smith, Robert C},
	year = {2003},
	keywords = {migration},
	pages = {724--759}
}

@article{spiro_dual_1997,
	title = {Dual nationality and the meaning of citizenship},
	volume = {46},
	journal = {Emory LJ},
	author = {Spiro, Peter J},
	year = {1997},
	keywords = {migration},
	pages = {1411}
}

@article{thelwall_ruok?_2007,
	title = {{RUOK}? {Blogging} communication technologies during crises},
	volume = {12},
	number = {2},
	journal = {Journal of Computer-Mediated Communication},
	author = {Thelwall, Mike and Stuart, David},
	year = {2007},
	keywords = {web social},
	pages = {523--548}
}

@article{thelwall_interpreting_2006,
	title = {Interpreting social science link analysis research: {A} theoretical framework},
	volume = {57},
	number = {1},
	journal = {Journal of the Association for Information Science and Technology},
	author = {Thelwall, Mike},
	year = {2006},
	keywords = {web social},
	pages = {60--68}
}

@book{tsui_hyperlinked_2009,
	title = {The hyperlinked society: {Questioning} connections in the digital age},
	publisher = {University of Michigan Press},
	author = {Tsui, Lokman},
	year = {2009},
	keywords = {web social}
}

@article{tyner_pan-national_2000,
	title = {Pan-national identities: representations of the {Philippine} diaspora on the world wide web},
	volume = {41},
	number = {3},
	journal = {Asia Pacific Viewpoint},
	author = {Tyner, James A and Kuhlke, Olaf},
	year = {2000},
	keywords = {web migration},
	pages = {231--252}
}

@article{van_den_bos_territorial_2006,
	title = {Territorial bounds to virtual space: transnational online and offline networks of {Iranian} and {Turkish}–{Kurdish} immigrants in the {Netherlands}},
	volume = {6},
	number = {2},
	journal = {Global Networks},
	author = {Van den Bos, Matthijs and Nell, Liza},
	year = {2006},
	keywords = {web migration},
	pages = {201--220}
}

@article{wei_web_2009,
	title = {Web information and social impacts of disasters in {China}},
	volume = {15},
	number = {2},
	journal = {Human and Ecological Risk Assessment},
	author = {Wei, Jiuchang and Zhao, Dingtao and Wu, Desheng Dash and Lv, Shasha},
	year = {2009},
	keywords = {web social},
	pages = {281--297}
}

@article{whitaker_tamilnet._2004,
	title = {Tamilnet. com: {Some} reflections on popular anthropology, nationalism, and the {Internet}},
	volume = {77},
	number = {3},
	journal = {Anthropological Quarterly},
	author = {Whitaker, Mark P},
	year = {2004},
	keywords = {web migration},
	pages = {469--498}
}

@article{tukey_future_1962,
	title = {The future of data analysis},
	volume = {33},
	number = {1},
	journal = {The annals of mathematical statistics},
	author = {Tukey, John W},
	year = {1962},
	keywords = {eda},
	pages = {1--67}
}

@book{tufte_visual_2014,
	title = {The visual display of quantitative information.; 1983},
	author = {Tufte, Edward and Graves-Morris, P},
	year = {2014},
	keywords = {eda}
}

@article{rouvroy_gouvernementalite_2013,
	title = {Gouvernementalité algorithmique et perspectives d'émancipation},
	number = {1},
	journal = {Réseaux},
	author = {Rouvroy, Antoinette and Berns, Thomas},
	year = {2013},
	keywords = {gouvernance numerique},
	pages = {163--196}
}

@inproceedings{danescu-niculescu-mizil_no_2013,
	title = {No country for old members: {User} lifecycle and linguistic change in online communities},
	booktitle = {Proceedings of the 22nd international conference on {World} {Wide} {Web}},
	publisher = {ACM},
	author = {Danescu-Niculescu-Mizil, Cristian and West, Robert and Jurafsky, Dan and Leskovec, Jure and Potts, Christopher},
	year = {2013},
	keywords = {nlp},
	pages = {307--318}
}

@inproceedings{anderson_towards_2012,
	title = {Towards a computational history of the acl: 1980-2008},
	booktitle = {Proceedings of the {ACL}-2012 {Special} {Workshop} on {Rediscovering} 50 {Years} of {Discoveries}},
	publisher = {Association for Computational Linguistics},
	author = {Anderson, Ashton and McFarland, Dan and Jurafsky, Dan},
	year = {2012},
	keywords = {nlp},
	pages = {13--21}
}

@article{blei_probabilistic_2012,
	title = {Probabilistic topic models},
	volume = {55},
	number = {4},
	journal = {Communications of the ACM},
	author = {Blei, David M},
	year = {2012},
	keywords = {lda},
	pages = {77--84}
}

@article{pennebaker_social_1993,
	title = {A social stage model of collective coping: {The} {Loma} {Prieta} earthquake and the {Persian} {Gulf} {War}},
	volume = {49},
	number = {4},
	journal = {Journal of Social Issues},
	author = {Pennebaker, James W and Harber, Kent D},
	year = {1993},
	keywords = {event},
	pages = {125--145}
}

@article{schneider_corpus_2015,
	title = {A corpus and model integrating multiword expressions and supersenses},
	author = {Schneider, Nathan and Smith, Noah A},
	year = {2015},
	keywords = {nlp}
}

@inproceedings{fitzgerald_semantic_2015,
	title = {Semantic role labeling with neural network factors},
	booktitle = {Proceedings of the 2015 {Conference} on {Empirical} {Methods} in {Natural} {Language} {Processing}},
	author = {FitzGerald, Nicholas and Täckström, Oscar and Ganchev, Kuzman and Das, Dipanjan},
	year = {2015},
	keywords = {neural network},
	pages = {960--970}
}

@article{manning_computational_2015,
	title = {Computational linguistics and deep learning},
	volume = {41},
	number = {4},
	journal = {Computational Linguistics},
	author = {Manning, Christopher D},
	year = {2015},
	keywords = {nlp},
	pages = {701--707}
}

@inproceedings{mikolov_distributed_2013,
	title = {Distributed representations of words and phrases and their compositionality},
	booktitle = {Advances in neural information processing systems},
	author = {Mikolov, Tomas and Sutskever, Ilya and Chen, Kai and Corrado, Greg S and Dean, Jeff},
	year = {2013},
	keywords = {neural network},
	pages = {3111--3119}
}

@article{brown_class-based_1992,
	title = {Class-based n-gram models of natural language},
	volume = {18},
	number = {4},
	journal = {Computational linguistics},
	author = {Brown, Peter F and Desouza, Peter V and Mercer, Robert L and Pietra, Vincent J Della and Lai, Jenifer C},
	year = {1992},
	keywords = {nlp},
	pages = {467--479}
}

@inproceedings{bamman_learning_2014,
	title = {Learning latent personas of film characters},
	booktitle = {Proceedings of the {Annual} {Meeting} of the {Association} for {Computational} {Linguistics} ({ACL})},
	author = {Bamman, David and O'Connor, Brendan and Smith, Noah A},
	year = {2014},
	keywords = {nlp},
	pages = {352}
}

@article{chaney_who_2015,
	title = {Who, {What}, {When}, {Where}, and {Why}? {A} {Computational} {Approach} to {Understanding} {Historical} {Events} {Using} {State} {Department} {Cables}},
	author = {Chaney, Allison JB and Wallach, Hanna and Blei, David M},
	year = {2015},
	keywords = {lda, event}
}

@article{tukey_future_1962-1,
	title = {The future of data analysis},
	volume = {33},
	number = {1},
	journal = {The annals of mathematical statistics},
	author = {Tukey, John W},
	year = {1962},
	keywords = {eda},
	pages = {1--67}
}

@book{heuser_quantitative_2012,
	title = {A quantitative literary history of 2,958 nineteenth-century {British} novels: {The} semantic cohort method},
	publisher = {Stanford Literary Lab},
	author = {Heuser, Ryan and Le-Khac, Long},
	year = {2012},
	keywords = {nlp}
}

@article{moretti_graphs_2003,
	title = {Graphs, {Maps}, {Trees}},
	volume = {24},
	journal = {New Left Review},
	author = {Moretti, Franco},
	year = {2003},
	keywords = {web social, visualisation},
	pages = {67}
}

@inproceedings{cheng_cascades_2016,
	title = {Do cascades recur?},
	booktitle = {Proceedings of the 25th international conference on world wide web},
	publisher = {International World Wide Web Conferences Steering Committee},
	author = {Cheng, Justin and Adamic, Lada A and Kleinberg, Jon M and Leskovec, Jure},
	year = {2016},
	keywords = {web social, event},
	pages = {671--681}
}

@article{dodds_temporal_2011,
	title = {Temporal patterns of happiness and information in a global social network: {Hedonometrics} and {Twitter}},
	volume = {6},
	number = {12},
	journal = {PloS one},
	author = {Dodds, Peter Sheridan and Harris, Kameron Decker and Kloumann, Isabel M and Bliss, Catherine A and Danforth, Christopher M},
	year = {2011},
	keywords = {nlp, event}
}

@article{legrady_pockets_2002,
	title = {Pockets full of memories: an interactive museum installation},
	volume = {1},
	number = {2},
	journal = {Visual Communication},
	author = {Legrady, George and HONKELA, TIMO},
	year = {2002},
	keywords = {visualisation, bpi},
	pages = {163--169}
}

@article{legrady_making_2005,
	title = {Making visible the invisible},
	journal = {Seattle Library Data Flow Visualization. In: Digital Culture and Heritage. Proceedings of ICHIM05 Sept},
	author = {Legrady, George},
	year = {2005},
	keywords = {visualisation, bpi},
	pages = {21--23}
}

@inproceedings{toyoda_system_2005,
	title = {A system for visualizing and analyzing the evolution of the web with a time series of graphs},
	booktitle = {Proceedings of the sixteenth {ACM} conference on {Hypertext} and hypermedia},
	publisher = {ACM},
	author = {Toyoda, Masashi and Kitsuregawa, Masaru},
	year = {2005},
	keywords = {web archive},
	pages = {151--160}
}

@inproceedings{toyoda_extracting_2003,
	title = {Extracting evolution of web communities from a series of web archives},
	booktitle = {Proceedings of the fourteenth {ACM} conference on {Hypertext} and hypermedia},
	publisher = {ACM},
	author = {Toyoda, Masashi and Kitsuregawa, Masaru},
	year = {2003},
	keywords = {web archive},
	pages = {28--37}
}

@inproceedings{spaniol_catch_2009,
	title = {“{Catch} me if you can”: {Visual} {Analysis} of {Coherence} {Defects} in {Web} {Archiving}},
	booktitle = {The 9 th {International} {Web} {Archiving} {Workshop} ({IWAW} 2009) {Corfu}, {Greece}, {September}/{October}, 2009 {Workshop} {Proceedings}},
	author = {Spaniol, Marc and Mazeika, Arturas and Denev, Dimitar and Weikum, Gerhard},
	year = {2009},
	keywords = {web archive},
	pages = {1}
}

@inproceedings{spaniol_data_2009,
	title = {Data quality in web archiving},
	booktitle = {Proceedings of the 3rd workshop on {Information} credibility on the web},
	publisher = {ACM},
	author = {Spaniol, Marc and Denev, Dimitar and Mazeika, Arturas and Weikum, Gerhard and Senellart, Pierre},
	year = {2009},
	keywords = {web archive},
	pages = {19--26}
}

@article{denev_sharc:_2009,
	title = {{SHARC}: framework for quality-conscious web archiving},
	volume = {2},
	number = {1},
	journal = {Proceedings of the VLDB Endowment},
	author = {Denev, Dimitar and Mazeika, Arturas and Spaniol, Marc and Weikum, Gerhard},
	year = {2009},
	keywords = {web archive},
	pages = {586--597}
}

@article{saad_archiving_2012,
	title = {Archiving the web using page changes patterns: a case study},
	volume = {13},
	number = {1},
	journal = {International Journal on Digital Libraries},
	author = {Saad, Myriam Ben and Gançarski, Stéphane},
	year = {2012},
	keywords = {web archive, web changes},
	pages = {33--49}
}

@inproceedings{saad_coherence-oriented_2011,
	title = {Coherence-oriented crawling and navigation using patterns for web archives},
	booktitle = {International {Conference} on {Theory} and {Practice} of {Digital} {Libraries}},
	publisher = {Springer},
	author = {Saad, Myriam Ben and Pehlivan, Zeynep and Gançarski, Stéphane},
	year = {2011},
	keywords = {web archive, web changes},
	pages = {421--433}
}

@inproceedings{mazeika_solar_2010,
	title = {The {SOLAR} system for sharp {Web} archiving},
	volume = {10},
	booktitle = {Proceedings of the 10th international {Web} archiving workshop, {IWAW}},
	author = {Mazeika, Arturas and Denev, Dimitar and Spaniol, Marc and Weikum, Gerhard},
	year = {2010},
	keywords = {web archive},
	pages = {24--30}
}

@inproceedings{weikum_longitudinal_2011,
	title = {Longitudinal analytics on web archive data: it's about time!},
	booktitle = {{CIDR}},
	author = {Weikum, Gerhard and Ntarmos, Nikos and Spaniol, Marc and Triantafillou, Peter and Benczúr, András A and Kirkpatrick, Scott and Rigaux, Philippe and Williamson, Mark},
	year = {2011},
	keywords = {web archive},
	pages = {199--202}
}

@inproceedings{spaniol_tracking_2012,
	title = {Tracking entities in web archives: the {LAWA} project},
	booktitle = {Proceedings of the 21st {International} {Conference} on {World} {Wide} {Web}},
	publisher = {ACM},
	author = {Spaniol, Marc and Weikum, Gerhard},
	year = {2012},
	keywords = {web archive},
	pages = {287--290}
}

@article{risse_arcomem_2014,
	title = {The {ARCOMEM} architecture for social-and semantic-driven web archiving},
	volume = {6},
	number = {4},
	journal = {future internet},
	author = {Risse, Thomas and Demidova, Elena and Dietze, Stefan and Peters, Wim and Papailiou, Nikolaos and Doka, Katerina and Stavrakas, Yannis and Plachouras, Vassilis and Senellart, Pierre and Carpentier, Florent and {others}},
	year = {2014},
	keywords = {web archive},
	pages = {688--716}
}

@inproceedings{gossen_analyzing_2016,
	title = {Analyzing web archives through topic and event focused sub-collections},
	booktitle = {Proceedings of the 8th {ACM} {Conference} on {Web} {Science}},
	publisher = {ACM},
	author = {Gossen, Gerhard and Demidova, Elena and Risse, Thomas},
	year = {2016},
	keywords = {web archive, event},
	pages = {291--295}
}

@book{stiegler_annotation_1993,
	title = {Annotation, navigation, édition électronique - vers une géographie de la connaissance},
	volume = {1},
	author = {Stiegler, Bernard},
	year = {1993},
	keywords = {geste}
}

@book{stiegler_etat_1991,
	title = {Etat de la mémoire et mémoire de l'{Etat}},
	volume = {1},
	author = {Stiegler, Bernard},
	year = {1991},
	keywords = {geste}
}

@book{stiegler_machine_1994,
	title = {Machine à écrire et matières à penser},
	volume = {1},
	author = {Stiegler, Bernard},
	year = {1994},
	keywords = {geste}
}

@book{stiegler_les_1990,
	title = {Les temps de la lecture et les nouveaux instruments de la mémoire},
	volume = {1},
	author = {Stiegler, Bernard},
	year = {1990},
	keywords = {geste}
}

@inproceedings{oita_forest:_2015,
	title = {{FOREST}: {Focused} object retrieval by exploiting significant tag paths},
	booktitle = {Proceedings of the 18th {International} {Workshop} on {Web} and {Databases}},
	publisher = {ACM},
	author = {Oita, Marilena and Senellart, Pierre},
	year = {2015},
	keywords = {information extraction},
	pages = {55--61}
}

@article{manning_introduction_2008,
	title = {Introduction to {Information} {Retrieval}},
	author = {Manning, Christopher D and Raghavan, Prabhakar and Schütze, Hinrich},
	year = {2008},
	keywords = {information extraction}
}

@inproceedings{weninger_text_2008,
	title = {Text extraction from the web via text-to-tag ratio},
	booktitle = {Database and {Expert} {Systems} {Application}, 2008. {DEXA}'08. 19th {International} {Workshop} on},
	publisher = {IEEE},
	author = {Weninger, Tim and Hsu, William H},
	year = {2008},
	keywords = {information extraction},
	pages = {23--28}
}

@inproceedings{kohlschutter_boilerplate_2010,
	title = {Boilerplate detection using shallow text features},
	booktitle = {Proceedings of the third {ACM} international conference on {Web} search and data mining},
	publisher = {ACM},
	author = {Kohlschütter, Christian and Fankhauser, Peter and Nejdl, Wolfgang},
	year = {2010},
	keywords = {information extraction},
	pages = {441--450}
}

@article{abiteboul_temporal_1999,
	title = {Temporal connectives versus explicit timestamps to query temporal databases},
	volume = {58},
	number = {1},
	journal = {Journal of Computer and System Sciences},
	author = {Abiteboul, Serge and Herr, Laurent and Van den Bussche, Jan},
	year = {1999},
	keywords = {temporalité},
	pages = {54--68}
}

@book{tufte_beautiful_2006,
	title = {Beautiful evidence},
	volume = {1},
	publisher = {Graphics Press Cheshire, CT},
	author = {Tufte, Edward R},
	year = {2006},
	keywords = {visualisation}
}

@book{tufte_envisioning_1990,
	title = {Envisioning information.},
	publisher = {Graphics Press},
	author = {Tufte, Edward R},
	year = {1990},
	keywords = {visualisation}
}

@book{tufte_visual_2014-1,
	title = {The visual display of quantitative information.; 1983},
	author = {Tufte, Edward and Graves-Morris, P},
	year = {2014},
	keywords = {visualisation}
}

@book{tufte_visual_1997,
	title = {Visual explanations},
	publisher = {Graphics Cheshire, CT},
	author = {Tufte, Edward R and Robins, David},
	year = {1997},
	keywords = {visualisation}
}

@article{cai_vips:_2003,
	title = {Vips: a vision-based page segmentation algorithm},
	author = {Cai, Deng and Yu, Shipeng and Wen, Ji-Rong and Ma, Wei-Ying},
	year = {2003},
	keywords = {information extraction}
}

@article{calude_deluge_2017,
	title = {The deluge of spurious correlations in big data},
	volume = {22},
	number = {3},
	journal = {Foundations of science},
	author = {Calude, Cristian S and Longo, Giuseppe},
	year = {2017},
	keywords = {gouvernance numerique},
	pages = {595--612}
}

@inproceedings{pop_archiving_2010,
	title = {Archiving web video},
	booktitle = {International {Web} {Archiving} {Workshop} {IWAW} 2010},
	author = {Pop, Radu and Vasile, Gabriel and Masanes, Julien},
	year = {2010},
	keywords = {web archive}
}

@phdthesis{banos_lieu_2001,
	type = {{PhD} {Thesis}},
	title = {Le lieu, le moment, le mouvement: pour une exploration spatio-temporelle désagrégée de la demande de transport en commun en milieu urbain},
	school = {Besançon},
	author = {Banos, Arnaud},
	year = {2001},
	keywords = {eda}
}

@inproceedings{drugeon_technical_2005,
	title = {A technical approach for the {French} web legal deposit},
	booktitle = {5th {International} {Web} {Archiving} {Workshop} ({IWAW}05), {Viena}, {Austria}},
	publisher = {Citeseer},
	author = {Drugeon, Thomas},
	year = {2005},
	keywords = {web archive}
}

@article{brugger_when_2012,
	title = {When the present web is later the past: {Web} historiography, digital history, and internet studies},
	journal = {Historical Social Research/Historische Sozialforschung},
	author = {Brügger, Niels},
	year = {2012},
	keywords = {web archive},
	pages = {102--117}
}

@inproceedings{ainsworth_how_2011,
	title = {How much of the web is archived?},
	booktitle = {Proceedings of the 11th annual international {ACM}/{IEEE} joint conference on {Digital} libraries},
	publisher = {ACM},
	author = {Ainsworth, Scott G and Alsum, Ahmed and SalahEldeen, Hany and Weigle, Michele C and Nelson, Michael L},
	year = {2011},
	keywords = {web archive},
	pages = {133--136}
}

@article{stack_full_2006,
	title = {Full text search of web archive collections},
	journal = {Proc. of IWAW},
	author = {Stack, Michael},
	year = {2006},
	keywords = {web archive}
}

@inproceedings{costa_characterizing_2011,
	title = {Characterizing {Search} {Behavior} in {Web} {Archives}.},
	booktitle = {{TWAW}},
	author = {Costa, Miguel and Silva, Mário J},
	year = {2011},
	keywords = {web archive},
	pages = {33--40}
}

@inproceedings{costa_evaluating_2012,
	title = {Evaluating web archive search systems},
	booktitle = {International {Conference} on {Web} {Information} {Systems} {Engineering}},
	publisher = {Springer},
	author = {Costa, Miguel and Silva, Mário J},
	year = {2012},
	keywords = {web archive},
	pages = {440--454}
}

@inproceedings{costa_understanding_2010,
	title = {Understanding the information needs of web archive users},
	volume = {9},
	booktitle = {Proc. of the 10th {International} {Web} {Archiving} {Workshop}},
	author = {Costa, Miguel and Silva, Mário J},
	year = {2010},
	keywords = {web archive},
	pages = {6}
}

@inproceedings{gomes_survey_2011,
	title = {A survey on web archiving initiatives},
	booktitle = {International {Conference} on {Theory} and {Practice} of {Digital} {Libraries}},
	publisher = {Springer},
	author = {Gomes, Daniel and Miranda, João and Costa, Miguel},
	year = {2011},
	keywords = {web archive},
	pages = {408--420}
}

@inproceedings{costa_survey_2013,
	title = {A survey of web archive search architectures},
	booktitle = {Proceedings of the 22nd {International} {Conference} on {World} {Wide} {Web}},
	publisher = {ACM},
	author = {Costa, Miguel and Gomes, Daniel and Couto, Francisco and Silva, Mário},
	year = {2013},
	keywords = {web archive},
	pages = {1045--1050}
}

@inproceedings{gomes_introducing_2009,
	title = {Introducing the {Portuguese} web archive initiative},
	booktitle = {8th {International} {Web} {Archiving} {Workshop}},
	publisher = {Springer},
	author = {Gomes, Daniel and Nogueira, André and Miranda, João and Costa, Miguel},
	year = {2009},
	keywords = {web archive}
}

@article{ankerson_writing_2012,
	title = {Writing web histories with an eye on the analog past},
	volume = {14},
	number = {3},
	journal = {New Media \& Society},
	author = {Ankerson, Megan Sapnar},
	year = {2012},
	keywords = {web archive},
	pages = {384--400}
}

@article{yale_history_2015,
	title = {The {History} of {Archives}: {The} {State} of the {Discipline}},
	volume = {18},
	number = {1},
	journal = {Book History},
	author = {Yale, Elizabeth},
	year = {2015},
	keywords = {archivage},
	pages = {332--359}
}

@article{yablon_posing_2014,
	title = {Posing for {Posterity}: {Photographic} {Portraiture} and the {Invention} of the {Time} {Capsule}, 1876–89},
	volume = {38},
	url = {https://doi.org/10.1080/03087298.2014.949050},
	doi = {10.1080/03087298.2014.949050},
	number = {4},
	journal = {History of Photography},
	author = {Yablon, Nicholas},
	year = {2014},
	keywords = {temporalité, archivage},
	pages = {331--355}
}

@book{rheingold_virtual_1993,
	title = {The virtual community: {Finding} commection in a computerized world},
	publisher = {Addison-Wesley Longman Publishing Co., Inc.},
	author = {Rheingold, Howard},
	year = {1993},
	keywords = {web social}
}

@book{turner_counterculture_2010,
	title = {From counterculture to cyberculture: {Stewart} {Brand}, the {Whole} {Earth} {Network}, and the rise of digital utopianism},
	publisher = {University of Chicago Press},
	author = {Turner, Fred},
	year = {2010},
	keywords = {histoire du web, web social}
}

@article{ellison_social_2007,
	title = {Social network sites: {Definition}, history, and scholarship},
	volume = {13},
	number = {1},
	journal = {Journal of computer-mediated Communication},
	author = {Ellison, Nicole B and {others}},
	year = {2007},
	keywords = {web social},
	pages = {210--230}
}

@incollection{ellison_sociality_2013,
	title = {Sociality through social network sites},
	booktitle = {The {Oxford} handbook of internet studies},
	author = {Ellison, Nicole B and Boyd, Danah M},
	year = {2013},
	keywords = {web social}
}

@article{barbrook_hi-tech_1998,
	title = {The hi-tech gift economy},
	volume = {3},
	number = {12},
	journal = {first monday},
	author = {Barbrook, Richard},
	year = {1998},
	keywords = {histoire du web, web social}
}

@article{giesler_consumer_2006,
	title = {Consumer gift systems},
	volume = {33},
	number = {2},
	journal = {Journal of consumer research},
	author = {Giesler, Markus},
	year = {2006},
	keywords = {histoire du web, web social},
	pages = {283--290}
}

@article{weltevrede_where_2012,
	title = {Where do bloggers blog? {Platform} transitions within the historical {Dutch} blogosphere},
	volume = {17},
	number = {2},
	journal = {First Monday},
	author = {Weltevrede, Esther and Helmond, Anne},
	year = {2012},
	keywords = {web archive, web social}
}

@article{brugger_web_2013,
	title = {Web historiography and {Internet} {Studies}: {Challenges} and perspectives},
	volume = {15},
	number = {5},
	journal = {New Media \& Society},
	author = {Brügger, Niels},
	year = {2013},
	keywords = {web archive},
	pages = {752--764}
}

@article{rogers_doing_2017,
	title = {Doing {Web} history with the {Internet} {Archive}: screencast documentaries},
	volume = {1},
	number = {1-2},
	journal = {Internet Histories},
	author = {Rogers, Richard},
	year = {2017},
	keywords = {web archive},
	pages = {160--172}
}

@inproceedings{gomes_managing_2006,
	title = {Managing duplicates in a web archive},
	booktitle = {Proceedings of the 2006 {ACM} symposium on {Applied} computing},
	publisher = {ACM},
	author = {Gomes, Daniel and Santos, André L and Silva, Mário J},
	year = {2006},
	keywords = {web archive},
	pages = {818--825}
}

@article{gomes_importance_2014,
	title = {The importance of web archives for humanities},
	volume = {8},
	number = {1},
	journal = {International Journal of Humanities and Arts Computing},
	author = {Gomes, Daniel and Costa, Miguel},
	year = {2014},
	keywords = {web archive},
	pages = {106--123}
}

@inproceedings{costa_query_2013,
	title = {Query suggestion for web archive search},
	booktitle = {Proceedings of the 10th {International} {Conference} on {Preservation} of {Digital} {Objects} ({iPres} 2013)},
	author = {Costa, Miguel and Miranda, João and Cruz, David and Gomes, Daniel},
	year = {2013},
	keywords = {web archive}
}

@article{stevenson_rethinking_2016,
	title = {Rethinking the participatory web: {A} history of {HotWired}’s “new publishing paradigm,” 1994–1997},
	volume = {18},
	number = {7},
	journal = {new media \& society},
	author = {Stevenson, Michael},
	year = {2016},
	keywords = {histoire du web},
	pages = {1331--1346}
}

@article{stevenson_cybercultural_2016,
	title = {The cybercultural moment and the new media field},
	volume = {18},
	number = {7},
	journal = {New Media \& Society},
	author = {Stevenson, Michael},
	year = {2016},
	keywords = {histoire du web},
	pages = {1088--1102}
}

@article{stevenson_slashdot_2016,
	title = {Slashdot, open news and informated media: exploring the intersection of imagined futures and web publishing technology},
	journal = {New Media, Old Media: a History and Theory Reader},
	author = {Stevenson, Michael},
	year = {2016},
	keywords = {histoire du web},
	pages = {616--630}
}

@article{stevenson_hypertext_2018,
	title = {From hypertext to hype and back again: exploring the roots of social media in the early web},
	journal = {The SAGE Handbook of Social Media},
	author = {Stevenson, Michael},
	year = {2018},
	keywords = {histoire du web}
}

@book{mailland_minitel:_2017,
	title = {Minitel: {Welcome} to the {Internet}},
	publisher = {MIT Press},
	author = {Mailland, Julien and Driscoll, Kevin},
	year = {2017},
	keywords = {histoire du web}
}

@article{driscoll_searching_2017,
	title = {Searching for missing “net histories”},
	volume = {1},
	number = {1-2},
	journal = {Internet Histories},
	author = {Driscoll, Kevin and Paloque-Berges, Camille},
	year = {2017},
	keywords = {histoire du web},
	pages = {47--59}
}

@book{john_age_2016,
	title = {The {Age} of {Sharing}},
	isbn = {978-1-5095-1229-4},
	url = {https://books.google.fr/books?id=F6u4DQAAQBAJ},
	publisher = {Wiley},
	author = {John, N.A.},
	year = {2016},
	lccn = {2016033678},
	keywords = {histoire du web}
}

@article{helmond_historical_2017,
	title = {Historical {Website} {Ecology}. {Analyzing} {Past} {States} of the {Web} {Using} {Archived} {Source} {Code}},
	journal = {Web 25: Histories from the First 25 Years of the World Wide Web},
	author = {Helmond, A},
	year = {2017},
	keywords = {histoire du web, web archive}
}

@article{helmond_platformization_2015,
	title = {The platformization of the web: {Making} web data platform ready},
	volume = {1},
	number = {2},
	journal = {Social Media+ Society},
	author = {Helmond, Anne},
	year = {2015},
	keywords = {histoire du web, web social}
}

@article{ben-david_internet_2018,
	title = {The {Internet} {Archive} and the socio-technical construction of historical facts},
	journal = {Internet Histories},
	author = {Ben-David, Anat and Amram, Adam},
	year = {2018},
	keywords = {web archive},
	pages = {1--23}
}

@article{ben-david_what_2016,
	title = {What does the {Web} remember of its deleted past? {An} archival reconstruction of the former {Yugoslav} top-level domain},
	volume = {18},
	number = {7},
	journal = {New Media \& Society},
	author = {Ben-David, Anat},
	year = {2016},
	keywords = {web archive},
	pages = {1103--1119}
}

@article{huurdeman_lost_2015,
	title = {Lost but not forgotten: finding pages on the unarchived web},
	volume = {16},
	number = {3-4},
	journal = {International Journal on Digital Libraries},
	author = {Huurdeman, Hugo C and Kamps, Jaap and Samar, Thaer and de Vries, Arjen P and Ben-David, Anat and Rogers, Richard A},
	year = {2015},
	keywords = {web archive},
	pages = {247--265}
}

@article{ben-david_web_2014,
	title = {Web archive search as research: {Methodological} and theoretical implications},
	volume = {25},
	number = {1-2},
	journal = {Alexandria},
	author = {Ben-David, Anat and Huurdeman, Hugo},
	year = {2014},
	keywords = {web archive},
	pages = {93--111}
}

@article{gebeil_les_2016,
	title = {Les mémoires de l’immigration maghrébine sur le web français de 1999 à 2014},
	volume = {12},
	number = {3},
	journal = {Les Cahiers du numérique},
	author = {Gebeil, Sophie},
	year = {2016},
	keywords = {histoire du web},
	pages = {115--138}
}

@article{gebeil_quand_2016,
	title = {Quand l’historien rencontre les archives du {Web}},
	number = {2},
	journal = {Revue de la BNF},
	author = {Gebeil, Sophie},
	year = {2016},
	keywords = {histoire du web},
	pages = {185--191}
}

@article{gebeil_les_2016-1,
	title = {Les mémoires de la {Marche} pour l’égalité et contre le racisme. {Dans} les archives du {Web}},
	number = {1313},
	journal = {Hommes et migrations. Revue française de référence sur les dynamiques migratoires},
	author = {Gebeil, Sophie},
	year = {2016},
	keywords = {histoire du web},
	pages = {115--122}
}

@book{schafer_minitel._2012,
	title = {Le {Minitel}. {L}'enfance numérique de la {France}},
	publisher = {Nuvis},
	author = {Schafer, Valérie and Thierry, Benjamin G},
	year = {2012},
	keywords = {histoire du web}
}

@article{musiani_digital_2016,
	title = {Digital {Heritage} and {Heritagization}},
	number = {6},
	journal = {RESET. Recherches en sciences sociales sur Internet},
	author = {Musiani, Francesca and Schafer, Valérie},
	year = {2016},
	keywords = {histoire du web}
}

@article{schafer_web_2016,
	title = {The “{Web} of pros” in the 1990s: {The} professional acclimation of the {World} {Wide} {Web} in {France}},
	volume = {18},
	number = {7},
	journal = {New Media \& Society},
	author = {Schafer, Valérie and Thierry, Benjamin G},
	year = {2016},
	keywords = {histoire du web, web archive},
	pages = {1143--1158}
}

@article{schafer_part_2015,
	title = {Part of a whole: {RENATER}, a twenty-year-old network within the {Internet}},
	volume = {50},
	number = {2},
	journal = {Information \& Culture},
	author = {Schafer, Valérie},
	year = {2015},
	keywords = {histoire du web, web archive},
	pages = {217--235}
}

@article{russell_shadow_2014,
	title = {In the {Shadow} of {ARPANET} and {Internet}: {Louis} {Pouzin} and the {Cyclades} {Network} in the 1970s},
	volume = {55},
	number = {4},
	journal = {Technology and Culture},
	author = {Russell, Andrew L and Schafer, Valerie},
	year = {2014},
	keywords = {histoire du web},
	pages = {880--907}
}

@book{cachat_patrimoine_2017,
	series = {Humanités numériques},
	title = {Le patrimoine culturel immatériel et numérique},
	isbn = {978-2-14-002558-7},
	url = {https://books.google.fr/books?id=n-63DQAAQBAJ},
	publisher = {Editions L'Harmattan},
	author = {Cachat, S. and Severo, M.},
	year = {2017},
	keywords = {histoire du web}
}

@book{hafner_where_1998,
	title = {Where wizards stay up late: {The} origins of the {Internet}},
	publisher = {Simon and Schuster},
	author = {Hafner, Katie and Lyon, Matthew},
	year = {1998},
	keywords = {histoire du web}
}

@article{lotan_arab_2011,
	title = {The {Arab} {Spring}{\textbar} the revolutions were tweeted: {Information} flows during the 2011 {Tunisian} and {Egyptian} revolutions},
	volume = {5},
	journal = {International journal of communication},
	author = {Lotan, Gilad and Graeff, Erhardt and Ananny, Mike and Gaffney, Devin and Pearce, Ian and {others}},
	year = {2011},
	keywords = {histoire du web, arab spring},
	pages = {31}
}

@article{khondker_role_2011,
	title = {Role of the new media in the {Arab} {Spring}},
	volume = {8},
	number = {5},
	journal = {Globalizations},
	author = {Khondker, Habibul Haque},
	year = {2011},
	keywords = {histoire du web, web social, arab spring},
	pages = {675--679}
}

@article{blondel_fast_2008,
	title = {Fast unfolding of communities in large networks},
	volume = {2008},
	number = {10},
	journal = {Journal of statistical mechanics: theory and experiment},
	author = {Blondel, Vincent D and Guillaume, Jean-Loup and Lambiotte, Renaud and Lefebvre, Etienne},
	year = {2008},
	keywords = {network},
	pages = {P10008}
}

@article{jacomy_forceatlas2_2014,
	title = {{ForceAtlas}2, a continuous graph layout algorithm for handy network visualization designed for the {Gephi} software},
	volume = {9},
	number = {6},
	journal = {PloS one},
	author = {Jacomy, Mathieu and Venturini, Tommaso and Heymann, Sebastien and Bastian, Mathieu},
	year = {2014},
	keywords = {network}
}

@article{holten_hierarchical_2006,
	title = {Hierarchical edge bundles: {Visualization} of adjacency relations in hierarchical data},
	volume = {12},
	number = {5},
	journal = {IEEE Transactions on visualization and computer graphics},
	author = {Holten, Danny},
	year = {2006},
	keywords = {network, visualisation},
	pages = {741--748}
}

@inproceedings{kwak_what_2010,
	title = {What is {Twitter}, a social network or a news media?},
	booktitle = {Proceedings of the 19th international conference on {World} wide web},
	publisher = {ACM},
	author = {Kwak, Haewoon and Lee, Changhyun and Park, Hosung and Moon, Sue},
	year = {2010},
	keywords = {web social},
	pages = {591--600}
}

@book{wasserman_social_1994,
	title = {Social network analysis: {Methods} and applications},
	volume = {8},
	publisher = {Cambridge university press},
	author = {Wasserman, Stanley and Faust, Katherine},
	year = {1994},
	keywords = {network, web social}
}

@book{scott_social_2017,
	title = {Social network analysis},
	publisher = {Sage},
	author = {Scott, John},
	year = {2017},
	keywords = {network, web social}
}

@phdthesis{fry_computational_2004,
	type = {{PhD} {Thesis}},
	title = {Computational information design},
	school = {Massachusetts Institute of Technology},
	author = {Fry, Benjamin Jotham},
	year = {2004},
	keywords = {visualisation}
}

@article{marchandise_facebook_2014,
	title = {Le {Facebook} des étudiants marocains. {Territoire} relationnel et territoire des possibles},
	volume = {30},
	number = {3-4},
	journal = {Revue européenne des migrations internationales},
	author = {Marchandise, Sabrina},
	year = {2014},
	keywords = {web migration, web social}
}

@book{marz_big_2015,
	title = {Big {Data}: {Principles} and best practices of scalable realtime data systems},
	publisher = {Manning Publications Co.},
	author = {Marz, Nathan and Warren, James},
	year = {2015},
	keywords = {engineering}
}

@article{zurcher_memoires_2012,
	title = {Mémoires et pressions sur la toile? Étude des {Français} rapatriés coloniaux de la seconde moitié du vingtième siècle à nos jours},
	volume = {2},
	journal = {Mémoires et pressions sur la toile},
	author = {Zürcher, Yann Scioldo},
	year = {2012},
	keywords = {web migration},
	pages = {34}
}

@article{scopsi_les_2009,
	title = {Les sites web diasporiques : un nouveau genre médiatique ?},
	volume = {3},
	number = {1-2},
	journal = {tic\&société [En ligne]},
	author = {Scopsi, Claire},
	year = {2009},
	keywords = {web migration}
}

@article{nedelcu_e-communautarisme_2003,
	title = {E-communautarisme ou l’impact de l’internet sur le quotidien des migrants. {Les} nouvelles migrations des professionnels roumains au {Canada}},
	journal = {Visibles mais peu nombreux. Les circulations migratoires roumaines},
	author = {Nedelcu, Mihaela},
	year = {2003},
	keywords = {web migration},
	pages = {325--339}
}

@inproceedings{fung_parameter_2005,
	title = {Parameter free bursty events detection in text streams},
	booktitle = {Proceedings of the 31st international conference on {Very} large data bases},
	publisher = {VLDB Endowment},
	author = {Fung, Gabriel Pui Cheong and Yu, Jeffrey Xu and Yu, Philip S and Lu, Hongjun},
	year = {2005},
	keywords = {event},
	pages = {181--192}
}

@inproceedings{adar_zoetrope:_2008,
	title = {Zoetrope: interacting with the ephemeral web},
	booktitle = {Proceedings of the 21st annual {ACM} symposium on {User} interface software and technology},
	publisher = {ACM},
	author = {Adar, Eytan and Dontcheva, Mira and Fogarty, James and Weld, Daniel S},
	year = {2008},
	keywords = {web changes},
	pages = {239--248}
}

@article{leclerc_cyberespace_2012,
	title = {Le cyberespace de la diaspora indienne},
	author = {Leclerc, Eric},
	year = {2012},
	keywords = {web migration}
}

@inproceedings{jatowt_detecting_2007,
	title = {Detecting age of page content},
	booktitle = {Proceedings of the 9th annual {ACM} international workshop on {Web} information and data management},
	publisher = {ACM},
	author = {Jatowt, Adam and Kawai, Yukiko and Tanaka, Katsumi},
	year = {2007},
	keywords = {web changes},
	pages = {137--144}
}

@book{mandelbrot_fractal_1983,
	title = {The fractal geometry of nature},
	volume = {173},
	publisher = {WH freeman New York},
	author = {Mandelbrot, Benoit B and Pignoni, Roberto},
	year = {1983},
	keywords = {web fragment}
}

@book{salmon_29_2016,
	title = {29 jours de révolution. {Histoire} du soulèvement tunisien, 17 décembre 2010 - 14 janvier 2011},
	publisher = {Les Petits matins},
	author = {Salmon, Jean-Marc},
	year = {2016},
	keywords = {arab spring}
}

@inproceedings{michailidou_visual_2008,
	address = {New York, NY, USA},
	series = {{SIGDOC} '08},
	title = {Visual {Complexity} and {Aesthetic} {Perception} of {Web} {Pages}},
	isbn = {978-1-60558-083-8},
	url = {http://doi.acm.org/10.1145/1456536.1456581},
	doi = {10.1145/1456536.1456581},
	booktitle = {Proceedings of the 26th {Annual} {ACM} {International} {Conference} on {Design} of {Communication}},
	publisher = {ACM},
	author = {Michailidou, Eleni and Harper, Simon and Bechhofer, Sean},
	year = {2008},
	keywords = {information extraction},
	pages = {215--224}
}

@article{bernard_criteria_2003,
	title = {Criteria for optimal web design (designing for usability)},
	volume = {13},
	journal = {Retrieved on April},
	author = {Bernard, Michael},
	year = {2003},
	keywords = {information extraction},
	pages = {2005}
}

@techreport{cho_evolution_1999,
	title = {The evolution of the web and implications for an incremental crawler},
	institution = {Stanford},
	author = {Cho, Junghoo and Garcia-Molina, Hector},
	year = {1999},
	keywords = {web changes}
}

@inproceedings{lim_automated_2001,
	title = {An automated change-detection algorithm for {HTML} documents based on semantic hierarchies},
	booktitle = {Data {Engineering}, 2001. {Proceedings}. 17th {International} {Conference} on},
	publisher = {IEEE},
	author = {Lim, Seung-Jin and Ng, Yiu-Kai},
	year = {2001},
	keywords = {web archive, web changes},
	pages = {303--312}
}

@article{aturban_difficulties_2017-1,
	title = {Difficulties of {Timestamping} {Archived} {Web} {Pages}},
	journal = {arXiv preprint arXiv:1712.03140},
	author = {Aturban, Mohamed and Nelson, Michael L and Weigle, Michele C},
	year = {2017},
	keywords = {web changes}
}

@article{douglis_at&t_1998,
	title = {The {AT}\&{T} {Internet} {Difference} {Engine}: {Tracking} and viewing changes on the web},
	volume = {1},
	number = {1},
	journal = {World Wide Web},
	author = {Douglis, Fred and Ball, Thomas and Chen, Yih-Farn and Koutsofios, Eleftherios},
	year = {1998},
	keywords = {web changes},
	pages = {27--44}
}

@book{dir._e-diasporas_2012,
	address = {Paris},
	title = {e-{Diasporas} {Atlas}. {Explorations} and {Cartography} of {Diasporas} on {Digital} {Networks}},
	publisher = {Ed. de la Maison des Sciences de l'Homme},
	author = {(dir.), Dana Diminescu},
	year = {2012},
	keywords = {web migration}
}

@unpublished{khouzaimi_e-diasporas_2015,
	title = {e-{Diasporas} : {Réalisation} et {Interprétation} du corpus marocain},
	author = {Khouzaimi, Jihane},
	year = {2015},
	keywords = {web migration}
}

@unpublished{cern_document_1993,
	title = {The document that officially put the {World} {Wide} {Web} into the public domain},
	url = {http://cds.cern.ch/record/1164399},
	author = {{CERN}},
	year = {1993},
	keywords = {histoire du web}
}

@article{kahle_preserving_1997,
	title = {Preserving the {Internet}},
	volume = {276},
	journal = {Scientific American},
	author = {Kahle, B.},
	month = mar,
	year = {1997},
	keywords = {web archive},
	pages = {82--83}
}

@unpublished{rep._projet_2001,
	title = {Projet de loi sur la société de l'information},
	url = {http://www.assemblee-nationale.fr/11/projets/pl3143.asp},
	author = {(rep.), Laurent Fabius},
	year = {2001},
	keywords = {web archive, loi}
}

@unpublished{unesco_charter_2003,
	title = {Charter on the {Preservation} of {Digital} {Heritage}},
	url = {http://portal.unesco.org/en/ev.php-URL_ID=17721&URL_DO=DO_TOPIC&URL_SECTION=201.html},
	author = {{UNESCO}},
	year = {2003},
	keywords = {web archive}
}

@inproceedings{holzmann_archivespark:_2016,
	series = {{JCDL} '16},
	title = {{ArchiveSpark}: {Efficient} {Web} {Archive} {Access}, {Extraction} and {Derivation}},
	booktitle = {Proceedings of the 16th {ACM}/{IEEE}-{CS} on {Joint} {Conference} on {Digital} {Libraries}},
	author = {Holzmann, Helge and Goel, Vinay and Anand, Avishek},
	year = {2016},
	keywords = {web archive},
	pages = {83--92}
}

@inproceedings{bastian_gephi:_2009,
	title = {Gephi: an open source software for exploring and manipulating networks.},
	author = {Bastian, Mathieu and Heymann, Sebastien and Jacomy, Mathieu and {others}},
	year = {2009},
	keywords = {network}
}

@book{tukey_exploratory_1977,
	series = {Behavioral {Science}: {Quantitative} {Methods}},
	title = {Exploratory {Data} {Analysis}},
	publisher = {Addison-Wesley},
	author = {Tukey, John W.},
	editor = {{Tukey, J. W.}},
	year = {1977},
	keywords = {eda}
}

@book{tukey_collected_1986,
	title = {The {Collected} {Works} of {John} {W}. {Tukey}: {Philosophy} and {Principles} of {Data} {Analysis} 1965-1986},
	number = {vol. 4},
	publisher = {Taylor \& Francis},
	author = {Tukey, John W.},
	year = {1986},
	keywords = {eda}
}

@inproceedings{yu_abduction?_1994,
	title = {Abduction? {Deduction}? {Induction}? {Is} {There} a {Logic} of {Exploratory} {Data} {Analysis}?},
	booktitle = {Annual {Meeting} of the {American} {Educational} {Research} {Association}},
	publisher = {ERIC},
	author = {Yu, Chong H.},
	year = {1994},
	keywords = {eda}
}

@article{tukey_we_1980,
	title = {We {Need} {Both} {Exploratory} and {Confirmatory}},
	volume = {34},
	number = {1},
	journal = {The American Statistician},
	author = {Tukey, John W.},
	year = {1980},
	keywords = {eda},
	pages = {23--25}
}

@book{levy_intelligence_1997,
	address = {Paris},
	title = {L'intelligence collective : pour une anthropologie du cyberspace},
	publisher = {Éd. la Découverte},
	author = {Lévy, Pierre},
	year = {1997},
	keywords = {web social}
}

@book{hine_virtual_2000,
	title = {Virtual {Ethnography}},
	publisher = {SAGE Publications},
	author = {Hine, C.},
	year = {2000},
	keywords = {web social}
}

@techreport{page_pagerank_1999,
	type = {Technical {Report}},
	title = {The {PageRank} {Citation} {Ranking}: {Bringing} {Order} to the {Web}.},
	number = {1999-66},
	institution = {Stanford InfoLab},
	author = {Page, Lawrence and Brin, Sergey and Motwani, Rajeev and Winograd, Terry},
	month = nov,
	year = {1999},
	keywords = {page rank}
}

@inproceedings{berthomiere_french_2013,
	title = {‘{A} {French} what?’. à la recherche d’une diaspora française. {Premiers} éléments d’enquête au sein de l’espace internet},
	author = {Berthomière, William},
	year = {2013},
	keywords = {web migration}
}

@article{michel_quantitative_2011,
	title = {Quantitative analysis of culture using millions of digitized books},
	volume = {331},
	number = {6014},
	journal = {science},
	author = {Michel, Jean-Baptiste and Shen, Yuan Kui and Aiden, Aviva Presser and Veres, Adrian and Gray, Matthew K and Pickett, Joseph P and Hoiberg, Dale and Clancy, Dan and Norvig, Peter and Orwant, Jon and {others}},
	year = {2011},
	keywords = {event},
	pages = {176--182}
}

@article{pendse_collecting_2016,
	title = {Collecting and preserving the {Ukraine} conflict (2014-2015): {A} web archive at university of {California}, {Berkeley}},
	volume = {35},
	number = {3},
	journal = {Collection Building},
	author = {Pendse, Liladhar R.},
	year = {2016},
	keywords = {web archive},
	pages = {64--72}
}

@inproceedings{alnoamany_detecting_2016,
	title = {Detecting off-topic pages within {TimeMaps} in {Web} archives},
	volume = {17},
	booktitle = {International {Journal} on {Digital} {Libraries}},
	author = {AlNoamany, Yasmin and Weigle, Michele C. and Nelson, Michael L.},
	year = {2016},
	keywords = {web archive},
	pages = {203--221}
}

@inproceedings{oita_archiving_2010,
	title = {Archiving data objects using {Web} feeds},
	booktitle = {International {Workshop} on {Web} {Archiving}},
	author = {Oita, Marilena and Senellart, Pierre},
	year = {2010},
	keywords = {web archive}
}

@inproceedings{pop_archiving_nodate,
	title = {Archiving web video},
	author = {Pop, Radu and Vasile, Gabriel and Masanes, Julien},
	keywords = {web archive}
}

@inproceedings{holzmann_tempas:_2016,
	title = {Tempas: {Temporal} {Archive} {Search} {Based} on {Tags}},
	booktitle = {Proceedings of the 25th {International} {Conference} {Companion} on {World} {Wide} {Web}},
	publisher = {International World Wide Web Conferences Steering Committee},
	author = {Holzmann, Helge and Anand, Avishek},
	year = {2016},
	keywords = {web archive},
	pages = {207--210}
}

@article{dodds_temporal_2011-1,
	title = {Temporal patterns of happiness and information in a global social network: {Hedonometrics} and {Twitter}},
	volume = {6},
	number = {12},
	journal = {PloS one},
	author = {Dodds, Peter Sheridan and Harris, Kameron Decker and Kloumann, Isabel M and Bliss, Catherine A and Danforth, Christopher M},
	year = {2011},
	keywords = {event},
	pages = {e26752}
}

@article{chang_survey_2006,
	title = {A survey of web information extraction systems},
	volume = {18},
	number = {10},
	journal = {IEEE transactions on knowledge and data engineering},
	author = {Chang, Chia-Hui and Kayed, Mohammed and Girgis, Moheb R and Shaalan, Khaled F},
	year = {2006},
	keywords = {information extraction},
	pages = {1411--1428}
}

@article{sutton_introduction_2010,
	title = {An introduction to conditional random fields},
	journal = {arXiv preprint arXiv:1011.4088},
	author = {Sutton, Charles and McCallum, Andrew},
	year = {2010},
	keywords = {neural network}
}

@incollection{baeza-yates_web_2004,
	title = {Web dynamics, structure, and page quality},
	url = {http://link.springer.com/chapter/10.1007/978-3-662-10874-1_5},
	urldate = {2017-05-29},
	booktitle = {Web {Dynamics}},
	publisher = {Springer},
	author = {Baeza-Yates, Ricardo and Castillo, Carlos and Saint-Jean, Felipe},
	year = {2004},
	keywords = {web changes},
	pages = {93--109},
	file = {baeza04_web_dynamics_structure_page_quality.pdf:/home/qlobbe/.mozilla/firefox/8d1the0f.default/zotero/storage/42E2GTUP/baeza04_web_dynamics_structure_page_quality.pdf:application/pdf}
}

@inproceedings{chakravarthy_webvigil:_2002,
	title = {Webvigil: {An} approach to just-in-time information propagation in large network-centric environments},
	shorttitle = {Webvigil},
	url = {https://pdfs.semanticscholar.org/5e16/06b403809418892b17afac2aa15b56c52301.pdf},
	urldate = {2017-05-29},
	booktitle = {Second {International} {Workshop} on {Web} {Dynamics}},
	author = {Chakravarthy, Sharma and Jacob, Jyoti and Pandrangi, Naveen and Sanka, Anoop},
	year = {2002},
	keywords = {information extraction, web changes},
	file = {06b403809418892b17afac2aa15b56c52301.pdf:/home/qlobbe/.mozilla/firefox/8d1the0f.default/zotero/storage/JCHWX5WQ/06b403809418892b17afac2aa15b56c52301.pdf:application/pdf}
}

@inproceedings{liu_webcq-detecting_2000,
	title = {{WebCQ}-detecting and delivering information changes on the web},
	url = {http://dl.acm.org/citation.cfm?id=354860},
	urldate = {2017-05-29},
	booktitle = {Proceedings of the ninth international conference on {Information} and knowledge management},
	publisher = {ACM},
	author = {Liu, Ling and Pu, Calton and Tang, Wei},
	year = {2000},
	keywords = {information extraction, web changes},
	pages = {512--519},
	file = {981efd3e0d86941da2b77b9adf7318b96227.pdf:/home/qlobbe/.mozilla/firefox/8d1the0f.default/zotero/storage/CEI8S2U2/981efd3e0d86941da2b77b9adf7318b96227.pdf:application/pdf}
}

@inproceedings{lim_automated_2001-1,
	title = {An automated change-detection algorithm for {HTML} documents based on semantic hierarchies},
	url = {http://ieeexplore.ieee.org/abstract/document/914842/},
	urldate = {2017-05-29},
	booktitle = {Data {Engineering}, 2001. {Proceedings}. 17th {International} {Conference} on},
	publisher = {IEEE},
	author = {Lim, Seung-Jin and Ng, Yiu-Kai},
	year = {2001},
	keywords = {information extraction, web changes},
	pages = {303--312},
	file = {00914842.pdf:/home/qlobbe/.mozilla/firefox/8d1the0f.default/zotero/storage/N3TDRNCG/00914842.pdf:application/pdf}
}

@inproceedings{ben_saad_novel_2009,
	title = {A {Novel} {Web} {Archiving} {Approach} based on {Visual} {Pages} {Analysis}},
	url = {http://lekythos.library.ucy.ac.cy/handle/10797/14073},
	urldate = {2017-05-29},
	booktitle = {The 9th {International} {Web} {Archiving} {Workshop} ({IWAW} 2009)},
	author = {Ben Saad, Myriam and Gançarski, Stéphane and Pehlivan, Zeynep},
	year = {2009},
	keywords = {information extraction, web archive},
	file = {ECDL129.pdf:/home/qlobbe/.mozilla/firefox/8d1the0f.default/zotero/storage/6P5488T8/ECDL129.pdf:application/pdf}
}

@inproceedings{clausen_concerning_2004,
	title = {Concerning etags and datestamps},
	publisher = {Citeseer},
	author = {Clausen, Lars},
	year = {2004},
	keywords = {information extraction, web changes},
	file = {Clausen.pdf:/home/qlobbe/.mozilla/firefox/8d1the0f.default/zotero/storage/8BEW6U4D/Clausen.pdf:application/pdf}
}

@inproceedings{nunes_using_2007,
	title = {Using neighbors to date web documents},
	url = {http://dl.acm.org/citation.cfm?id=1316924},
	urldate = {2017-05-29},
	booktitle = {Proceedings of the 9th annual {ACM} international workshop on {Web} information and data management},
	publisher = {ACM},
	author = {Nunes, Sérgio and Ribeiro, Cristina and David, Gabriel},
	year = {2007},
	keywords = {web archive, web changes},
	pages = {129--136},
	file = {nunes07-widm.pdf:/home/qlobbe/.mozilla/firefox/8d1the0f.default/zotero/storage/Q73IV8CW/nunes07-widm.pdf:application/pdf}
}

@inproceedings{fetterly_large-scale_2003,
	title = {A large-scale study of the evolution of web pages},
	url = {http://dl.acm.org/citation.cfm?id=775246},
	urldate = {2017-05-29},
	booktitle = {Proceedings of the 12th international conference on {World} {Wide} {Web}},
	publisher = {ACM},
	author = {Fetterly, Dennis and Manasse, Mark and Najork, Marc and Wiener, Janet},
	year = {2003},
	keywords = {information extraction, web changes},
	pages = {669--678},
	file = {p97-fetterly.pdf:/home/qlobbe/.mozilla/firefox/8d1the0f.default/zotero/storage/3F83SWK6/p97-fetterly.pdf:application/pdf}
}

@inproceedings{adar_web_2009,
	title = {The web changes everything: understanding the dynamics of web content},
	shorttitle = {The web changes everything},
	url = {http://dl.acm.org/citation.cfm?id=1498837},
	urldate = {2017-05-29},
	booktitle = {Proceedings of the {Second} {ACM} {International} {Conference} on {Web} {Search} and {Data} {Mining}},
	publisher = {ACM},
	author = {Adar, Eytan and Teevan, Jaime and Dumais, Susan T. and Elsas, Jonathan L.},
	year = {2009},
	keywords = {web changes},
	pages = {282--291},
	file = {wsdm09-change-camready.pdf:/home/qlobbe/.mozilla/firefox/8d1the0f.default/zotero/storage/RZ6UH8A3/wsdm09-change-camready.pdf:application/pdf}
}

@inproceedings{ntoulas_whats_2004,
	title = {What's new on the web?: the evolution of the web from a search engine perspective},
	booktitle = {Proceedings of the 13th international conference on {World} {Wide} {Web}},
	publisher = {ACM},
	author = {Ntoulas, Alexandros and Cho, Junghoo and Olston, Christopher},
	year = {2004},
	keywords = {web changes},
	pages = {1--12},
	file = {ntoulas04evolution.pdf:/home/qlobbe/.mozilla/firefox/8d1the0f.default/zotero/storage/RKBZ43TK/ntoulas04evolution.pdf:application/pdf}
}

@inproceedings{yadav_change_2007,
	title = {Change {Detection} in {Web} {Pages}},
	isbn = {978-0-7695-3068-0},
	url = {http://ieeexplore.ieee.org/document/4418310/},
	doi = {10.1109/ICIT.2007.37},
	urldate = {2017-05-29},
	publisher = {IEEE},
	author = {Yadav, Divakar and Sharma, A. K. and Gupta, J. P.},
	month = dec,
	year = {2007},
	keywords = {information extraction, web changes},
	pages = {265--270},
	file = {Change Detection in Web Pages.pdf:/home/qlobbe/.mozilla/firefox/8d1the0f.default/zotero/storage/GV4XECGH/Change Detection in Web Pages.pdf:application/pdf}
}

@inproceedings{chawathe_meaningful_1997,
	title = {Meaningful change detection in structured data},
	volume = {26},
	url = {http://dl.acm.org/citation.cfm?id=253266},
	urldate = {2017-05-29},
	booktitle = {{ACM} {SIGMOD} {Record}},
	publisher = {ACM},
	author = {Chawathe, Sudarshan S. and Garcia-Molina, Hector},
	year = {1997},
	keywords = {information extraction, web changes},
	pages = {26--37},
	file = {1997-30.pdf:/home/qlobbe/.mozilla/firefox/8d1the0f.default/zotero/storage/DAR6VWNH/1997-30.pdf:application/pdf}
}

@inproceedings{rocco_page_2003,
	title = {Page digest for large-scale web services},
	url = {http://ieeexplore.ieee.org/abstract/document/1210274/},
	urldate = {2017-05-29},
	booktitle = {E-{Commerce}, 2003. {CEC} 2003. {IEEE} {International} {Conference} on},
	publisher = {IEEE},
	author = {Rocco, Daniel and Buttler, David and Liu, Ling},
	year = {2003},
	keywords = {information extraction, web changes},
	pages = {381--390},
	file = {01210274.pdf:/home/qlobbe/.mozilla/firefox/8d1the0f.default/zotero/storage/IQVXIGWR/01210274.pdf:application/pdf}
}

@article{khoury_efficient_2007,
	title = {An {Efficient} {Web} {Page} {Change} {Detection} {System} {Based} on an {Optimized} {Hungarian} {Algorithm}},
	volume = {19},
	issn = {1041-4347},
	url = {http://ieeexplore.ieee.org/document/4138199/},
	doi = {10.1109/TKDE.2007.1014},
	number = {5},
	urldate = {2017-05-29},
	journal = {IEEE Transactions on Knowledge and Data Engineering},
	author = {Khoury, Imad and El-Mawas, Rami M. and El-Rawas, Oussama and Mounayar, Elias F. and Artail, Hassan},
	month = may,
	year = {2007},
	keywords = {information extraction, web changes},
	pages = {599--613},
	file = {04138199.pdf:/home/qlobbe/.mozilla/firefox/8d1the0f.default/zotero/storage/3ZJ9SJP9/04138199.pdf:application/pdf}
}

@article{khoury_efficient_2007-1,
	title = {An {Efficient} {Web} {Page} {Change} {Detection} {System} {Based} on an {Optimized} {Hungarian} {Algorithm}},
	volume = {19},
	issn = {1041-4347},
	url = {http://ieeexplore.ieee.org/document/4138199/},
	doi = {10.1109/TKDE.2007.1014},
	number = {5},
	urldate = {2017-05-29},
	journal = {IEEE Transactions on Knowledge and Data Engineering},
	author = {Khoury, Imad and El-Mawas, Rami M. and El-Rawas, Oussama and Mounayar, Elias F. and Artail, Hassan},
	month = may,
	year = {2007},
	keywords = {information extraction, web changes},
	pages = {599--613},
	file = {04138199.pdf:/home/qlobbe/.mozilla/firefox/8d1the0f.default/zotero/storage/3WXCS2XD/04138199.pdf:application/pdf}
}

@inproceedings{yu_improving_2003,
	title = {Improving pseudo-relevance feedback in web information retrieval using web page segmentation},
	url = {http://dl.acm.org/citation.cfm?id=775155},
	urldate = {2017-05-29},
	booktitle = {Proceedings of the 12th international conference on {World} {Wide} {Web}},
	publisher = {ACM},
	author = {Yu, Shipeng and Cai, Deng and Wen, Ji-Rong and Ma, Wei-Ying},
	year = {2003},
	keywords = {information extraction, web fragment},
	pages = {11--18},
	file = {p11-yu.pdf:/home/qlobbe/.mozilla/firefox/8d1the0f.default/zotero/storage/NW3GJ38G/p11-yu.pdf:application/pdf}
}

@article{broder_graph_2000,
	title = {Graph structure in the web},
	volume = {33},
	url = {http://www.sciencedirect.com/science/article/pii/S1389128600000839},
	number = {1},
	urldate = {2017-05-31},
	journal = {Computer networks},
	author = {Broder, Andrei and Kumar, Ravi and Maghoul, Farzin and Raghavan, Prabhakar and Rajagopalan, Sridhar and Stata, Raymie and Tomkins, Andrew and Wiener, Janet},
	year = {2000},
	keywords = {web structure},
	pages = {309--320},
	file = {broder.pdf:/home/qlobbe/.mozilla/firefox/8d1the0f.default/zotero/storage/IQF3UFS5/broder.pdf:application/pdf}
}

@article{huberman_internet:_1999,
	title = {Internet: growth dynamics of the world-wide web},
	volume = {401},
	shorttitle = {Internet},
	url = {http://www.nature.com/nature/journal/v401/n6749/abs/401131a0.html},
	number = {6749},
	urldate = {2017-05-31},
	journal = {Nature},
	author = {Huberman, Bernardo A. and Adamic, Lada A.},
	year = {1999},
	keywords = {web structure},
	pages = {131--131},
	file = {Internet-Growth_Dynamics_of_the_World-Wide_Web.pdf:/home/qlobbe/.mozilla/firefox/8d1the0f.default/zotero/storage/WMU973X2/Internet-Growth_Dynamics_of_the_World-Wide_Web.pdf:application/pdf}
}

@article{mandelbrot_how_1967,
	title = {How long is the coast of {Britain}},
	volume = {156},
	number = {3775},
	journal = {Science},
	author = {Mandelbrot, Benoit B},
	year = {1967},
	keywords = {web fragment},
	pages = {636--638},
	file = {Mandelbrot67Science.pdf:/home/qlobbe/.mozilla/firefox/8d1the0f.default/zotero/storage/PTGRUXDQ/Mandelbrot67Science.pdf:application/pdf}
}

@book{mandelbrot_les_1975,
	series = {Nouvelle bibliothèque scientifique},
	title = {Les objets fractals: forme, hasard et dimension},
	url = {https://books.google.fr/books?id=d5HMjgEACAAJ},
	publisher = {Flammarion},
	author = {Mandelbrot, B.B.},
	year = {1975},
	lccn = {76468797},
	keywords = {web fragment}
}

@book{eglash_african_1999,
	title = {African {Fractals}: {Modern} {Computing} and {Indigenous} {Design}},
	isbn = {978-0-8135-2614-0},
	url = {https://books.google.fr/books?id=hZ7Oz_Qg7aAC},
	publisher = {Rutgers University Press},
	author = {Eglash, R.},
	year = {1999},
	lccn = {98026043},
	keywords = {fractal},
	file = {Eglash_Ron_African_Fractals_Modern_Computing_and_Indigenous_Design.pdf:/home/qlobbe/.mozilla/firefox/8d1the0f.default/zotero/storage/TFHRV47I/Eglash_Ron_African_Fractals_Modern_Computing_and_Indigenous_Design.pdf:application/pdf}
}

@inproceedings{chaney_detecting_2016,
	title = {Detecting and {Characterizing} {Events}.},
	url = {http://ajbc.io/projects/papers/ChaneyWallachConnellyBlei2016.pdf},
	urldate = {2017-06-13},
	booktitle = {{EMNLP}},
	author = {Chaney, Allison June-Barlow and Wallach, Hanna M. and Connelly, Matthew and Blei, David M.},
	year = {2016},
	keywords = {event},
	pages = {1142--1152},
	file = {ChaneyWallachConnellyBlei2016.pdf:/home/qlobbe/.mozilla/firefox/8d1the0f.default/zotero/storage/B7EAFWQ5/ChaneyWallachConnellyBlei2016.pdf:application/pdf}
}

@article{ketelaar_de_2006,
	title = {({Dé}) {Construire} l'archive},
	number = {2},
	journal = {Matériaux pour l’histoire de notre temps},
	author = {Ketelaar, Eric},
	year = {2006},
	keywords = {archivage},
	pages = {65--70}
}

@book{baschet_defaire_2018,
	series = {L'horizon des possibles},
	title = {Défaire la tyrannie du présent: {Temporalités} émergentes et futurs inédits},
	isbn = {978-2-7071-9734-4},
	publisher = {Editions La Découverte},
	author = {Baschet, J.},
	year = {2018},
	keywords = {temporalité, archivage}
}

@article{derrida_mal_1995,
	title = {Mal d'archive},
	journal = {Paris, Galilee},
	author = {Derrida, Jacques},
	year = {1995},
	keywords = {archivage},
	pages = {371}
}

@book{borges_fictions_1974,
	series = {Collection {Folio}},
	title = {Fictions},
	publisher = {Editions Gallimard},
	author = {Borges, J.L.},
	year = {1974},
	keywords = {archivage}
}

@book{foot_web_2006,
	title = {Web campaigning (acting with technology)},
	publisher = {The MIT Press},
	author = {Foot, Kirsten and Schneider, Steven M},
	year = {2006},
	keywords = {web structure}
}

@misc{noauthor_adhoc_nodate,
	title = {adhoc - {Recherche} {Google}},
	url = {https://www.google.com/search?client=ubuntu&channel=fs&q=adhoc&ie=utf-8&oe=utf-8},
	urldate = {2018-05-15}
}

@article{brugger_does_2002,
	title = {Does the materiality of the {Internet} matter},
	journal = {The Internet and society},
	author = {Brügger, Niels},
	year = {2002},
	keywords = {web structure},
	pages = {13--22}
}

@book{keren_blogosphere:_2006,
	title = {Blogosphere: {The} new political arena},
	publisher = {Lexington Books},
	author = {Keren, Michael},
	year = {2006},
	keywords = {web social}
}

@article{finnemann_modernity_1997,
	title = {Modernity modernised: {The} cultural impact of computerisation},
	author = {Finnemann, Niels Ole},
	year = {1997},
	keywords = {web structure}
}

@techreport{van_de_sompel_http_2013,
	title = {{HTTP} framework for time-based access to resource states–{Memento}},
	author = {Van de Sompel, Herbert and Nelson, Michael and Sanderson, Robert},
	year = {2013},
	keywords = {web changes}
}

@inproceedings{de_jong_temporal_2005,
	title = {Temporal language models for the disclosure of historical text},
	booktitle = {Humanities, computers and cultural heritage: {Proceedings} of the {XVIth} {International} {Conference} of the {Association} for {History} and {Computing} ({AHC} 2005)},
	author = {De Jong, Franciska and Rode, Henning and Hiemstra, Djoerd},
	year = {2005},
	keywords = {web changes},
	pages = {161--168}
}

@inproceedings{kanhabua_using_2009,
	title = {Using temporal language models for document dating},
	booktitle = {Joint {European} {Conference} on {Machine} {Learning} and {Knowledge} {Discovery} in {Databases}},
	publisher = {Springer},
	author = {Kanhabua, Nattiya and Nørvaag, Kjetil},
	year = {2009},
	keywords = {web changes},
	pages = {738--741}
}

@article{amitay_trend_2004,
	title = {Trend detection through temporal link analysis},
	volume = {55},
	number = {14},
	journal = {Journal of the Association for Information Science and Technology},
	author = {Amitay, Einat and Carmel, David and Herscovici, Michael and Lempel, Ronny and Soffer, Aya},
	year = {2004},
	keywords = {web changes},
	pages = {1270--1281}
}

@inproceedings{spitz_predicting_2018,
	title = {Predicting {Document} {Creation} {Times} in {News} {Citation} {Networks}},
	booktitle = {Companion of the {The} {Web} {Conference} 2018 on {The} {Web} {Conference} 2018},
	publisher = {International World Wide Web Conferences Steering Committee},
	author = {Spitz, Andreas and Strötgen, Jannik and Gertz, Michael},
	year = {2018},
	keywords = {web changes},
	pages = {1731--1736}
}

@inproceedings{toyoda_whats_2006,
	title = {What's really new on the web?: identifying new pages from a series of unstable web snapshots},
	booktitle = {Proceedings of the 15th international conference on {World} {Wide} {Web}},
	publisher = {ACM},
	author = {Toyoda, Masashi and Kitsuregawa, Masaru},
	year = {2006},
	keywords = {web changes},
	pages = {233--241}
}

@book{flusser_les_2014,
	series = {Cahiers {Du} {Midi}},
	title = {Les gestes},
	publisher = {Al Dante Eds},
	author = {Flusser, V.},
	year = {2014}
}

@article{morsel_traces?_2016,
	title = {Traces? {Quelles} traces? {Réflexions} pour une histoire non passéiste},
	number = {4},
	journal = {Revue historique},
	author = {Morsel, Joseph},
	year = {2016},
	keywords = {geste},
	pages = {813--868}
}

@book{leroi-gourhan_homme_2012,
	series = {Sciences d'{Aujourd}'hui},
	title = {L'{Homme} et la {Matière}: {Evolution} et techniques},
	publisher = {Albin Michel},
	author = {Leroi-Gourhan, A.},
	year = {2012}
}

@book{leroi-gourhan_geste_1964,
	title = {Le geste et la parole},
	publisher = {Albin Michel},
	author = {Leroi-Gourhan, A.},
	year = {1964}
}

@article{stiegler_leroi-gourhan:_1998,
	title = {Leroi-{Gourhan}: l'inorganique organisé},
	number = {2},
	journal = {Les Cahiers de médiologie},
	author = {Stiegler, Bernard},
	year = {1998},
	pages = {187--194}
}

@book{leroi-gourham_art_1984,
	title = {L'{Art} des cavernes: {Atlas} des grottes ornées paléolithiques françaises ({Atlas} archéologiques de la {France}) ({French} {Edition})},
	publisher = {Impr. nationale},
	author = {Leroi-Gourham, Andre},
	year = {1984}
}

@article{dougnac_depot_1960,
	title = {Le dépôt légal: son sens et son évolution},
	author = {Dougnac, Marie-Thérèse and Guilbaud, Marcel},
	year = {1960}
}

@book{derrida_trace_2014,
	series = {Collection {Collège} iconique},
	title = {Trace et archive, image et art},
	publisher = {INA},
	author = {Derrida, J.},
	year = {2014}
}

@article{borgman_digital_2000,
	title = {Digital libraries and the continuum of scholarly communication},
	volume = {56},
	number = {4},
	journal = {Journal of documentation},
	author = {Borgman, Christine L},
	year = {2000},
	pages = {412--430}
}

@inproceedings{mohr_introduction_2004,
	title = {An {Introduction} to {Heritrix} {An} open source archival quality web crawler},
	booktitle = {In {IWAW}’04, 4th {International} {Web} {Archiving} {Workshop}},
	publisher = {Citeseer},
	author = {Mohr, Gordon and Stack, Michael and Ranitovic, Igor and Avery, Dan and Kimpton, Michele},
	year = {2004}
}

@article{arvidson_kulturarw3_2000,
	title = {The {Kulturarw}3 {Project}–{The} {Royal} {Swedish} {Web} {Archiw}3e–{An} {Example} of" {Complete}" {Collection} of {Web} {Pages}.},
	author = {Arvidson, Allan and Persson, Krister and Mannerheim, Johan},
	year = {2000}
}

@inproceedings{hallgrinsson_nordic_2003,
	title = {Nordic web archive},
	booktitle = {Proceedings of the 3rd {Workshop} on {Web} {Archives} in conjunction with the 7th {European} {Conference} on {Research} and {Advanced} {Technologies} for {Digital} {Libraries} ({ECDL} 2003)},
	author = {Hallgrinsson, Borsteinn and Bang, Sverre},
	year = {2003},
	pages = {37--48}
}

@article{voerman_archiving_2002,
	title = {Archiving the {Web}: {Political} party {Web} sites in the {Netherlands}},
	volume = {2},
	number = {1},
	journal = {European Political Science},
	author = {Voerman, Gerrit and Keyzer, André and Den Hollander, Frank and Druiven, Henk},
	year = {2002},
	pages = {68--75}
}

@article{boudrez_archiving_2002,
	title = {Archiving websites},
	journal = {State Archives of Antwerp, Antwerp-Leuven},
	author = {Boudrez, Filip and Van den Eynde, Sophie},
	year = {2002}
}

@inproceedings{abiteboul_first_2002,
	title = {A first experience in archiving the {French} {Web}},
	booktitle = {International {Conference} on {Theory} and {Practice} of {Digital} {Libraries}},
	publisher = {Springer},
	author = {Abiteboul, Serge and Cobena, Gregory and Masanes, Julien and Sedrati, Gerald},
	year = {2002},
	pages = {1--15}
}

@article{koehler_analysis_1999,
	title = {An analysis of web page and web site constancy and permanence},
	volume = {50},
	number = {2},
	journal = {Journal of the Association for Information Science and Technology},
	author = {Koehler, Wallace},
	year = {1999},
	pages = {162}
}

@article{schneider_building_2003,
	title = {Building thematic web collections: challenges and experiences from the {September} 11 {Web} {Archive} and the {Election} 2002 {Web} {Archive}},
	journal = {Digital Libraries, ECDL},
	author = {Schneider, Steven M and Foot, Kirsten and Kimpton, Michele and Jones, Gina},
	year = {2003},
	pages = {77--94}
}

@book{de_kosnik_rogue_2016,
	title = {Rogue archives: {Digital} cultural memory and media fandom},
	publisher = {MIT Press},
	author = {De Kosnik, Abigail},
	year = {2016}
}

@book{coriat_retour_2015,
	title = {Le retour des communs: \& la crise de l'idéologie propriétaire},
	publisher = {Éditions Les Liens qui libèrent},
	author = {Coriat, Benjamin},
	year = {2015}
}

@article{ben-david_internet_2018-1,
	title = {The {Internet} {Archive} and the socio-technical construction of historical facts},
	volume = {2},
	number = {1-2},
	journal = {Internet Histories},
	author = {Ben-David, Anat and Amram, Adam},
	year = {2018},
	pages = {179--201}
}

@article{koehler_longitudinal_2004,
	title = {A longitudinal study of {Web} pages continued: a consideration of document persistence},
	volume = {9},
	number = {2},
	journal = {Information Research},
	author = {Koehler, Wallace},
	year = {2004},
	pages = {9--2}
}

@article{spinellis_decay_2003,
	title = {The decay and failures of web references},
	volume = {46},
	number = {1},
	journal = {Communications of the ACM},
	author = {Spinellis, Diomidis},
	year = {2003},
	pages = {71--77}
}

@inproceedings{fetterly_large-scale_2003-1,
	title = {A large-scale study of the evolution of web pages},
	booktitle = {Proceedings of the 12th international conference on {World} {Wide} {Web}},
	publisher = {ACM},
	author = {Fetterly, Dennis and Manasse, Mark and Najork, Marc and Wiener, Janet},
	year = {2003},
	pages = {669--678}
}

@article{mcdonnell_cataloging_1999,
	title = {Cataloging {Challenges} in an {Area} {Studies} {Virtual} {Library} {Catalog} ({ASVLC}) {Results} of a {Case} {Study}},
	volume = {2},
	number = {2},
	journal = {Journal of Internet Cataloging},
	author = {McDonnell, Janice P and Koehler Jr, Wallace C and Carroll, Bonnie C},
	year = {1999},
	pages = {15--42}
}

@book{canfora_vanished_1990,
	title = {The {Vanished} {Library}: {A} {Wonder} of the {Ancient} {World}},
	volume = {7},
	publisher = {Univ of California Press},
	author = {Canfora, Luciano},
	year = {1990}
}

@book{febvre_apparition_2013,
	title = {L'apparition du livre},
	publisher = {Albin Michel},
	author = {Febvre, Lucien and Martin, Henri-Jean},
	year = {2013}
}

@book{bon_apres_2014,
	title = {Après le livre},
	publisher = {Tiers Livre Éditeur},
	author = {Bon, François},
	year = {2014}
}

@article{masanes_web_2005,
	title = {Web archiving methods and approaches: {A} comparative study},
	volume = {54},
	number = {1},
	journal = {Library Trends},
	author = {Masanès, Julien},
	year = {2005},
	pages = {72--90}
}

@incollection{kimpton_year-by-year:_2006,
	title = {Year-by-year: from an archive of the {Internet} to an archive on the {Internet}},
	booktitle = {Web archiving},
	publisher = {Springer},
	author = {Kimpton, Michele and Ubois, Jeff},
	year = {2006},
	pages = {201--212}
}

@inproceedings{pandey_user-centric_2005,
	title = {User-centric web crawling},
	booktitle = {Proceedings of the 14th international conference on {World} {Wide} {Web}},
	publisher = {ACM},
	author = {Pandey, Sandeep and Olston, Christopher},
	year = {2005},
	pages = {401--411}
}

@inproceedings{rekimoto_time-machine_1999,
	title = {Time-machine computing: a time-centric approach for the information environment},
	booktitle = {Proceedings of the 12th annual {ACM} symposium on {User} interface software and technology},
	publisher = {ACM},
	author = {Rekimoto, Jun},
	year = {1999},
	pages = {45--54}
}

@inproceedings{dumais_stuff_2016,
	title = {Stuff {I}'ve seen: a system for personal information retrieval and re-use},
	volume = {49},
	booktitle = {{ACM} {SIGIR} {Forum}},
	publisher = {ACM},
	author = {Dumais, Susan and Cutrell, Edward and Cadiz, Jonathan J and Jancke, Gavin and Sarin, Raman and Robbins, Daniel C},
	year = {2016},
	pages = {28--35}
}

@inproceedings{alnoamany_access_2013,
	title = {Access patterns for robots and humans in web archives},
	booktitle = {Proceedings of the 13th {ACM}/{IEEE}-{CS} joint conference on {Digital} libraries},
	publisher = {ACM},
	author = {AlNoamany, Yasmin A and Weigle, Michele C and Nelson, Michael L},
	year = {2013},
	pages = {339--348}
}

@article{lawrence_accessibility_2000,
	title = {Accessibility of information on the web},
	volume = {11},
	number = {1},
	journal = {intelligence},
	author = {Lawrence, Steve and Giles, C Lee},
	year = {2000},
	pages = {32--39}
}

@article{fitch_web_2003,
	title = {Web site archiving-an approach to recording every materially different response produced by a website},
	author = {Fitch, Kent},
	year = {2003}
}

@book{chakrabarti_mining_2002,
	title = {Mining the {Web}: {Discovering} knowledge from hypertext data},
	publisher = {Elsevier},
	author = {Chakrabarti, Soumen},
	year = {2002}
}

@book{mitchell_web_2015,
	title = {Web scraping with {Python}: collecting data from the modern web},
	publisher = {" O'Reilly Media, Inc."},
	author = {Mitchell, Ryan},
	year = {2015}
}

@incollection{pant_crawling_2004,
	title = {Crawling the web},
	booktitle = {Web {Dynamics}},
	publisher = {Springer},
	author = {Pant, Gautam and Srinivasan, Padmini and Menczer, Filippo},
	year = {2004},
	pages = {153--177}
}

@article{holscher_web_2000,
	title = {Web search behavior of {Internet} experts and newbies},
	volume = {33},
	number = {1-6},
	journal = {Computer networks},
	author = {Hölscher, Christoph and Strube, Gerhard},
	year = {2000},
	pages = {337--346}
}

@article{cho_efficient_1998,
	title = {Efficient crawling through {URL} ordering},
	volume = {30},
	number = {1-7},
	journal = {Computer Networks and ISDN Systems},
	author = {Cho, Junghoo and Garcia-Molina, Hector and Page, Lawrence},
	year = {1998},
	pages = {161--172}
}

@inproceedings{baeza-yates_crawling_2005,
	title = {Crawling a country: better strategies than breadth-first for web page ordering},
	booktitle = {Special interest tracks and posters of the 14th international conference on {World} {Wide} {Web}},
	publisher = {ACM},
	author = {Baeza-Yates, Ricardo and Castillo, Carlos and Marin, Mauricio and Rodriguez, Andrea},
	year = {2005},
	pages = {864--872}
}

@article{masanes_site-first_2004,
	title = {Site-first priority: {Implementing} the frontline},
	journal = {International Internet Preservation Consortium},
	author = {Masanès, Julian},
	year = {2004}
}

@inproceedings{castillo_scheduling_2004,
	title = {Scheduling algorithms for {Web} crawling},
	booktitle = {{WebMedia} and {LA}-{Web}, 2004. {Proceedings}},
	publisher = {IEEE},
	author = {Castillo, Carlos and Marin, Mauricio and Rodriguez, Andrea and Baeza-Yates, Ricardo},
	year = {2004},
	pages = {10--17}
}

@inproceedings{mohr_introduction_2004-1,
	title = {Introduction to heritrix},
	booktitle = {4th {International} {Web} {Archiving} {Workshop}},
	author = {Mohr, Gordon and Stack, Michael and Rnitovic, Igor and Avery, Dan and Kimpton, Michele},
	year = {2004},
	pages = {109--115}
}

@book{grainger_solr_2014,
	title = {Solr in action},
	publisher = {Manning Cherry Hill},
	author = {Grainger, Trey and Potter, Timothy and Seeley, Yonik},
	year = {2014}
}

@article{hatcher_lucene_2004,
	title = {Lucene in action},
	author = {Hatcher, Erik and Gospodnetic, Otis},
	year = {2004}
}

@inproceedings{tofel_waybackfor_2007,
	title = {Wayback’for accessing web archives},
	booktitle = {Proceedings of the 7th {International} {Web} {Archiving} {Workshop}},
	author = {Tofel, Brad},
	year = {2007},
	pages = {27--37}
}

@inproceedings{anand_everlast:_2009,
	title = {{EverLast}: a distributed architecture for preserving the web},
	booktitle = {Proceedings of the 9th {ACM}/{IEEE}-{CS} joint conference on {Digital} libraries},
	publisher = {ACM},
	author = {Anand, Avishek and Bedathur, Srikanta and Berberich, Klaus and Schenkel, Ralf and Tryfonopoulos, Christos},
	year = {2009},
	pages = {331--340}
}

@book{saint_augustin_confessions_421,
	title = {Confessions},
	author = {Saint Augustin},
	year = {421}
}

@book{ingold_breve_2013,
	title = {Une brève histoire des lignes},
	publisher = {Zones sensibles},
	author = {Ingold, T. and Renaut, S.},
	year = {2013}
}

@book{goody_raison_1979,
	series = {Collection le sens commun},
	title = {La raison graphique: la domestication de la pensée sauvage},
	isbn = {978-2-7073-0240-3},
	url = {https://books.google.fr/books?id=CK-FQgAACAAJ},
	publisher = {Editions de Minuit},
	author = {Goody, J. and Bazin, J. and Bensa, A.},
	year = {1979}
}

@phdthesis{viard_link_2016,
	type = {{PhD} {Thesis}},
	title = {Link streams for the modelling of interactions over time and application to the analysis of {IP} traffic},
	school = {Université Pierre et Marie Curie},
	author = {Viard, Tiphaine},
	year = {2016}
}

@article{ladiray_laed_1997,
	title = {L’{AED}, analyse exploratoire des données},
	volume = {84},
	journal = {Courrier des statistique, 83},
	author = {Ladiray, D},
	year = {1997},
	pages = {3--6}
}

@article{bertin_semiologie_1973,
	title = {Sémiologie graphique: {Les} diagrammes-{Les} réseaux-{Les} cartes},
	author = {Bertin, Jacques},
	year = {1973}
}

@book{ginzburg_mythes_2012,
	title = {Mythes, emblèmes, traces: morphologie et histoire},
	publisher = {Verdier/Poche},
	author = {Ginzburg, Carlo},
	year = {2012}
}

@article{ginzburg_signes_1980,
	title = {Signes, traces, pistes},
	number = {6},
	journal = {Le débat},
	author = {Ginzburg, Carlo},
	year = {1980},
	pages = {3--44}
}

@inproceedings{adamic_political_2005,
	title = {The political blogosphere and the 2004 {US} election: divided they blog},
	booktitle = {Proceedings of the 3rd international workshop on {Link} discovery},
	publisher = {ACM},
	author = {Adamic, Lada A and Glance, Natalie},
	year = {2005},
	keywords = {web social},
	pages = {36--43}
}

@inproceedings{adar_implicit_2004,
	title = {Implicit structure and the dynamics of blogspace},
	volume = {13},
	booktitle = {Workshop on the weblogging ecosystem},
	author = {Adar, Eytan and Zhang, Li and Adamic, Lada A and Lukose, Rajan M},
	year = {2004},
	keywords = {web social},
	pages = {16989--16995}
}

@article{fouetillou_web_2008,
	title = {Le web et le traité constitutionnel européen},
	number = {1},
	journal = {Réseaux},
	author = {Fouetillou, Guilhem},
	year = {2008},
	keywords = {web social},
	pages = {229--257}
}

@article{bennani-chraibi_dynamique_2012,
	title = {La dynamique protestataire du {Mouvement} du 20 février à {Casablanca}},
	volume = {62},
	number = {5},
	journal = {Revue française de science politique},
	author = {Bennani-Chraïbi, Mounia and Jeghllaly, Mohamed},
	year = {2012},
	keywords = {arab spring},
	pages = {867--894}
}

@article{bennafla_maroc_2011,
	title = {Le {Maroc} à l'épreuve du printemps arabe: une contestation désamorcée?},
	number = {3},
	journal = {Outre-terre},
	author = {Bennafla, Karine and Seniguer, Haoues},
	year = {2011},
	keywords = {arab spring},
	pages = {143--158}
}

@article{desrues_mouvement_2012,
	title = {Le mouvement du 20 février et le régime marocain: contestation, révision constitutionnelle et élections},
	number = {VIII},
	journal = {L’Année du Maghreb},
	author = {Desrues, Thierry},
	year = {2012},
	keywords = {arab spring},
	pages = {359--389}
}

@mastersthesis{fry_organic_2000,
	title = {Organic information design},
	school = {Massachusetts Institute of Technology},
	author = {Fry, Benjamin Jotham},
	year = {2000}
}

@article{chen_cerner_2011,
	title = {Cerner la notion de temps},
	number = {2},
	journal = {Rue Descartes},
	author = {Chen, Jiaying},
	year = {2011},
	pages = {30--51}
}

@book{paloque-berges_quest-ce_2018,
	title = {Qu’est-ce qu’un forum internet?: {Une} généalogie historique au prisme des cultures savantes numériques},
	publisher = {OpenEdition Press},
	author = {Paloque-Bergès, Camille},
	year = {2018}
}

@article{bergman_white_2001,
	title = {White paper: the deep web: surfacing hidden value},
	volume = {7},
	number = {1},
	journal = {Journal of electronic publishing},
	author = {Bergman, Michael K},
	year = {2001}
}

@article{chang_structured_2004,
	title = {Structured databases on the web: {Observations} and implications},
	volume = {33},
	number = {3},
	journal = {ACM sigmod record},
	author = {Chang, Kevin Chen-Chuan and He, Bin and Li, Chengkai and Patel, Mitesh and Zhang, Zhen},
	year = {2004},
	pages = {61--70}
}

@article{lawrence_searching_1998,
	title = {Searching the world wide web},
	volume = {280},
	number = {5360},
	journal = {Science},
	author = {Lawrence, Steve and Giles, C Lee},
	year = {1998},
	pages = {98--100}
}

@article{lawrence_accessibility_2000-1,
	title = {Accessibility of information on the web},
	volume = {11},
	number = {1},
	journal = {intelligence},
	author = {Lawrence, Steve and Giles, C Lee},
	year = {2000},
	pages = {32--39}
}

@article{noauthor_classes_2018,
	title = {Classes populaires en ligne},
	volume = {208-209},
	issn = {9782348036071},
	abstract = {Que se passe-t-il quand un outil qui a été élaboré et d’abord utilisé par les classes moyennes et supérieures diplômées est approprié par des individus qu’on a souvent décrits comme les exclus de la révolution numérique ? C’est la question que pose ce dossier de Réseaux coordonné par Dominique Pasquier.
Il y a de nombreux travaux sur Internet, mais ils s’intéressent d’abord aux usages avancés des plus diplômés. Il y a de nombreux travaux sur les classes populaires, mais ils prêtent une attention marginale à la pénétration des nouvelles technologies dans les populations qu’ils étudient. Pourtant, depuis une dizaine d’années, les inégalités sociales d’accès à Internet se sont largement résorbées. En France, entre 2006 et 2015, la proportion d’employés ayant une connexion Internet à domicile est passée de 51 à 88 \%, celle des ouvriers de 38 à 83 \% (rapport CREDOC 2015). Ces populations peu ou pas diplômées ont elles les mêmes utilisations de l’outil que les jeunes urbains très qualifiés sur lesquels se sont penchées jusqu’ici la plupart des recherches ? Rien n’est moins certain. Internet est un outil très polyvalent qui donne accès à des dispositifs socio techniques dotés d’une grande plasticité. Les usages en ligne de ces nouveaux venus sur le web ne doivent pas se mesurer à l’aune des pratiques innovantes d’internautes plus anciens. Ils font sens par rapport à un éthos social et des conditions de vie particulières. Internet ne fait pas partie de leur univers professionnel et ils s’y sont formés de façon autodidacte, avec plus ou moins de difficultés. Il peut être à la fois un puissant instrument d’ouverture sur le monde et d’entrée dans la société de connaissance et constituer une menace en bouleversant certains modes de vie. L’outil est là comme une opportunité à saisir et comme un risque à courir.
Les recherches présentées dans ce dossier montrent que l’Internet des moins dotés n’est pas un Internet au rabais : il répond à des logiques propres, résout des problèmes particuliers, engendre des pratiques spécifiques.},
	language = {FR},
	number = {2-3},
	year = {2018},
	pages = {312}
}

@phdthesis{beaudouin_observer_2014,
	title = {Observer et évaluer les usages de {Gallica}. {Réflexion} épistémologique et stratégique},
	school = {BnF; Telecom ParisTech},
	author = {Beaudouin, Valérie and Denis, Jérôme},
	year = {2014}
}

@article{paugam_pauvres_2013,
	title = {Des pauvres à la bibliothèque},
	journal = {Enquête au Centre Pompidou. Paris},
	author = {Paugam, Serge and Giorgetti, Camila},
	year = {2013}
}

@article{pasquier_classes_2018,
	title = {Classes populaires en ligne: des «oubliés» de la recherche?},
	number = {2},
	journal = {Réseaux},
	author = {Pasquier, Dominique},
	year = {2018},
	pages = {9--23}
}

@article{stevanovic_unsupervised_2011,
	title = {Unsupervised clustering of {Web} sessions to detect malicious and non-malicious website users},
	volume = {5},
	journal = {Procedia Computer Science},
	author = {Stevanovic, Dusan and Vlajic, Natalija and An, Aijun},
	year = {2011},
	keywords = {bpi},
	pages = {123--131}
}

@inproceedings{feng_web_2006,
	title = {Web navigation patterns mining based on clustering of paths and pages content},
	booktitle = {Asia-{Pacific} {Web} {Conference}},
	publisher = {Springer},
	author = {Feng, Gang and Ma, Guang-Sheng and Hu, Jing},
	year = {2006},
	keywords = {bpi},
	pages = {857--860}
}

@article{cadez_model-based_2003,
	title = {Model-based clustering and visualization of navigation patterns on a web site},
	volume = {7},
	number = {4},
	journal = {Data mining and knowledge discovery},
	author = {Cadez, Igor and Heckerman, David and Meek, Christopher and Smyth, Padhraic and White, Steven},
	year = {2003},
	keywords = {bpi},
	pages = {399--424}
}

@unpublished{gaumont_methods_2017,
	title = {Methods for the reconstruction of the socio-semantic dynamics of political activist {Twitter} networks},
	url = {https://hal.archives-ouvertes.fr/hal-01575456},
	author = {Gaumont, Noe and Panahi, Maziyar and Chavalarias, David},
	month = aug,
	year = {2017},
	keywords = {Internet, Clustering Algorithms, Community detection in graphs, Data-mining, Dynamiques d'opinions, élections, Fouille de données, networks dyna- mics, opinion dynamics, political activism, Réseaux complexes, Réseaux sociaux numériques, Réseaux socio-sémantiques, socio-semantic networks, text-mining, Twitter}
}

@incollection{masanes_archiving_2006,
	title = {Archiving the hidden web},
	booktitle = {Web {Archiving}},
	publisher = {Springer},
	author = {Masanès, Julien},
	year = {2006},
	pages = {115--129}
}

@article{tervonen_finlande:_2016,
	title = {Finlande: le droit d’asile menacé?},
	number = {4},
	journal = {Plein droit},
	author = {Tervonen, Taïna},
	year = {2016},
	pages = {7--10}
}

@article{blanchard_crise_2016,
	title = {«{Crise} migratoire»: ce que cachent les mots},
	number = {4},
	journal = {Plein droit},
	author = {Blanchard, Emmanuel and Rodier, Claire},
	year = {2016},
	pages = {3--6}
}

@article{pillant_en_2016,
	title = {En {Grèce}, une crise migratoire chronique},
	number = {4},
	journal = {Plein droit},
	author = {Pillant, Laurence},
	year = {2016},
	pages = {31--34}
}

@phdthesis{lobbe_concevoir_2018,
	type = {{PhD} {Thesis}},
	title = {Concevoir des produits pour tous et par tous, co-créer la situation de vie},
	school = {Université de Technologie de Belfort Montbéliard},
	author = {Lobbé, Justine},
	year = {2018},
	keywords = {visualisation}
}

@article{sayad_double_1999,
	title = {La double absence},
	volume = {327},
	journal = {Des illusions de l’émigré aux souffrances de l’immigré},
	author = {Sayad, Abdelmalek},
	year = {1999}
}

@book{lazard_histoire_2016,
	title = {Histoire illustrée de l'informatique: {Histoire} illustrée de l'informatique},
	publisher = {EDP sciences},
	author = {Lazard, Emmanuel and Mounier-Kuhn, Pierre-Eric},
	year = {2016}
}

@article{licklider_computer_1968,
	title = {The computer as a communication device},
	volume = {76},
	number = {2},
	journal = {Science and technology},
	author = {Licklider, Joseph CR and Taylor, Robert W},
	year = {1968},
	pages = {1--3}
}

@article{nelson_getting_1967,
	title = {Getting it out of our system},
	journal = {Information retrieval: A critical review},
	author = {Nelson, Theodor Holm},
	year = {1967},
	pages = {191--210}
}

@article{broder_graph_2000-1,
	title = {Graph structure in the web},
	volume = {33},
	number = {1-6},
	journal = {Computer networks},
	author = {Broder, Andrei and Kumar, Ravi and Maghoul, Farzin and Raghavan, Prabhakar and Rajagopalan, Sridhar and Stata, Raymie and Tomkins, Andrew and Wiener, Janet},
	year = {2000},
	pages = {309--320}
}

@article{barabasi_scale-free_2000,
	title = {Scale-free characteristics of random networks: the topology of the world-wide web},
	volume = {281},
	number = {1-4},
	journal = {Physica A: statistical mechanics and its applications},
	author = {Barabási, Albert-László and Albert, Réka and Jeong, Hawoong},
	year = {2000},
	pages = {69--77}
}

@inproceedings{kumar_stochastic_2000,
	title = {Stochastic models for the web graph},
	booktitle = {Foundations of {Computer} {Science}, 2000. {Proceedings}. 41st {Annual} {Symposium} on},
	publisher = {IEEE},
	author = {Kumar, Ravi and Raghavan, Prabhakar and Rajagopalan, Sridhar and Sivakumar, D and Tomkins, Andrew and Upfal, Eli},
	year = {2000},
	pages = {57--65}
}

@book{neau_loutre-lecture:_2013,
	title = {L’outre-lecture: manipuler,(s’) approprier, interpréter le {Web}},
	publisher = {Éditions de la Bibliothèque publique d’information},
	author = {Neau, Aurélie and Gkouskou-Giannakou, Pergia and Le Douarin, Laurence and Ghitalla, Franck and Boullier, Dominique},
	year = {2013}
}

@article{brin_anatomy_1998,
	title = {The anatomy of a large-scale hypertextual web search engine},
	volume = {30},
	number = {1-7},
	journal = {Computer networks and ISDN systems},
	author = {Brin, Sergey and Page, Lawrence},
	year = {1998},
	pages = {107--117}
}

@article{gillani_me_2018,
	title = {Me, {My} {Echo} {Chamber}, and {I}: {Introspection} on {Social} {Media} {Polarization}},
	journal = {arXiv preprint arXiv:1803.01731},
	author = {Gillani, Nabeel and Yuan, Ann and Saveski, Martin and Vosoughi, Soroush and Roy, Deb},
	year = {2018}
}

@inproceedings{robertson_auditing_2018,
	title = {Auditing the {Personalization} and {Composition} of {Politically}-{Related} {Search} {Engine} {Results} {Pages}},
	booktitle = {Proceedings of the 2018 {World} {Wide} {Web} {Conference} on {World} {Wide} {Web}},
	publisher = {International World Wide Web Conferences Steering Committee},
	author = {Robertson, Ronald E and Lazer, David and Wilson, Christo},
	year = {2018},
	pages = {955--965}
}

@book{montagne_naissance_2016,
	title = {Naissance du prolétariat marocain: {Enquête} collective exécutée de 1948 à 1950},
	publisher = {Centre Jacques-Berque},
	author = {Montagne, Robert},
	year = {2016},
	keywords = {migration}
}

@book{montagne_naissance_1952,
	series = {Cahiers de l'{Afrique} et l'{Asie}},
	title = {Naissance du prolétariat marocain: enquête collective exécutée de 1948 à 1950},
	url = {https://books.google.fr/books?id=PI81AQAAIAAJ},
	publisher = {Peyronnet},
	author = {Montagne, R.},
	year = {1952},
	lccn = {54044336}
}

@article{sayad_du_1985,
	title = {Du message oral au message sur cassette, la communication avec l'absent},
	volume = {59},
	number = {1},
	journal = {Actes de la recherche en sciences sociales},
	author = {Sayad, Abdelmalek},
	year = {1985},
	pages = {61--72}
}

@book{diminescu_les_2005,
	series = {Migrance},
	title = {Les documents numériques: méthodologie d’archivage et perspectives des recherches sur les migrations},
	number = {23},
	author = {Diminescu, Dana},
	year = {2005}
}

@article{soultanova_les_2005,
	title = {Les migrations multiples de la population bulgare},
	journal = {Balkans, C. d., La France et les migrants des Balkans: un état des lieux, Paris},
	author = {Soultanova, Ralitza},
	year = {2005}
}

@article{laflaquiere_archiver_2005,
	title = {Archiver le {Web} sur les migrations: quelles approches techniques et scientifiques? {Rapport} d'étape},
	number = {23},
	journal = {Migrance},
	author = {Laflaquière, Julien and Gangloff, Sylvie and Scopsi, Claire and Guignard, Thomas and Soultanova, Ralitza and Salzbrunn, Monika and Beaujouan, Virginie and Diminescu, Dana},
	year = {2005},
	pages = {72--93}
}

@article{diminescu_les_2002,
	title = {Les migrations à l'âge des nouvelles technologies},
	volume = {1240},
	number = {1240},
	journal = {Hommes \& Migrations},
	author = {Diminescu, Dana},
	year = {2002},
	pages = {6--9}
}

@article{diminescu_traces_2016,
	title = {Traces numériques},
	number = {3},
	journal = {Plein droit},
	author = {Diminescu, Dana},
	year = {2016},
	pages = {3--6}
}

@article{bounie_analyse_2010,
	title = {Une analyse socio-économique des transferts d'argent des migrants par téléphone},
	number = {1},
	journal = {Réseaux},
	author = {Bounie, David and Diminescu, Dana and François, Abel},
	year = {2010},
	pages = {91--109}
}

@article{heller__2014,
	title = {‪ {Traces} liquides: enquête sur la mort de migrants dans la zone-frontière maritime de l’{Union} européenne‪},
	volume = {30},
	number = {3},
	journal = {Revue européenne des migrations internationales},
	author = {Heller, Charles and Pezzani, Lorenzo},
	year = {2014},
	pages = {71--107}
}

@book{rogers_end_2009,
	title = {The end of the virtual: {Digital} methods},
	volume = {339},
	publisher = {Amsterdam University Press},
	author = {Rogers, Richard},
	year = {2009}
}

@article{brusle_les_2012,
	title = {Les sites diasporiques népalais, signes et conditions d’une diaspora en formation?},
	author = {Bruslé, Tristan},
	year = {2012}
}

@article{ben-david_colors_2018,
	title = {The colors of the national {Web}: visual data analysis of the historical {Yugoslav} {Web} domain},
	volume = {19},
	number = {1},
	journal = {International Journal on Digital Libraries},
	author = {Ben-David, Anat and Amram, Adam and Bekkerman, Ron},
	year = {2018},
	pages = {95--106}
}

@book{loveluck_reseaux_2015,
	title = {Réseaux, libertés et contrôle: {Une} généalogie politique d'internet},
	publisher = {Armand Colin},
	author = {Loveluck, Benjamin},
	year = {2015}
}

@inproceedings{delaforge_quelle_2007,
	title = {Quelle documentation pour l'archivage du {Web}?},
	booktitle = {18es {Journées} {Francophones} d'{Ingénierie} des {Connaissances}},
	author = {Delaforge, Nicolas and Bachimont, Bruno},
	year = {2007},
	pages = {not--specified}
}

@article{bachimont_archivage_2009,
	title = {Archivage audiovisuel et numérique: les enjeux de la longue durée},
	journal = {Archivage et stockage pérennes. Paris: Hermès Science Publications: Lavoisier},
	author = {Bachimont, Bruno},
	year = {2009},
	pages = {195--222}
}

@article{mussou_et_2012,
	title = {Et le {Web} devint archive: enjeux et défis},
	number = {2},
	journal = {Le Temps des médias},
	author = {Mussou, Claude},
	year = {2012},
	pages = {259--266}
}

@article{bachimont_documenter_2005,
	title = {Documenter et partitionner une archive du {Web} : vers le dépot légal d'un domaine media},
	journal = {Archives \& Museum Informatics},
	author = {Bachimont, Bruno and Drugeon, Thomas and Piéjut, Geneviève},
	year = {2005},
	pages = {2}
}

@phdthesis{senellart_comprendre_2007,
	type = {Thèse},
	title = {Comprendre le {Web} caché. {Understanding} the hidden {Web}},
	author = {Senellart, Pierre},
	year = {2007}
}

@article{zijlstra_smart_2017,
	title = {Smart (phone) travelling: {Understanding} the use and impact of mobile technology on irregular migration journeys},
	volume = {3},
	number = {2-3},
	journal = {International Journal of Migration and Border Studies},
	author = {Zijlstra, Judith and Liempt, Ilse Van},
	year = {2017},
	pages = {174--191}
}

@article{chen_internet-usage_2010,
	title = {Internet-usage patterns of immigrants in the process of intercultural adaptation},
	volume = {13},
	number = {4},
	journal = {Cyberpsychology, Behavior, and Social Networking},
	author = {Chen, Wenli},
	year = {2010},
	pages = {387--399}
}

@article{damian_social_2014,
	title = {Social network site usage and personal relations of migrants},
	volume = {4},
	number = {4},
	journal = {Societies},
	author = {Damian, Elena and Van Ingen, Erik},
	year = {2014},
	pages = {640--653}
}

@techreport{amar_les_2008,
	title = {Les consultations ” libres ” d'{Internet} à la {Bpi} : enquête exploratoire},
	author = {Amar, Muriel and Béguet, Bruno},
	year = {2008},
	keywords = {étude de logs, Internet en bibliothèque, pratiques numériques},
	pages = {4--29}
}

@techreport{amar_analyse_2018,
	title = {Analyse des logs de consultation d'{Internet} en accès libre à la {Bpi} : qu'apporte le {Big} {Data} ?},
	institution = {Bibliothèque Publique d'Information},
	author = {Amar, Muriel},
	month = mar,
	year = {2018},
	keywords = {Etude de logs, Internet en bibliothèque, Pratiques numériques}
}

@techreport{beaudouin__2016,
	type = {Research {Report}},
	title = {“ {Je} pars d'un sujet, je rebondis sur un autre ”},
	institution = {Télécom ParisTech ; Bibliothèque nationale de France ; Labex Obvil},
	author = {Beaudouin, Valérie and Garron, Isabelle and Rollet, Nicolas},
	month = sep,
	year = {2016},
	keywords = {Bibliothèque numérique, Digital Library, Heritage, Patrimoine, Recherche, Research, Usages, Uses}
}

@article{gossart_panorama_2018,
	title = {Panorama des innovations sociales numériques},
	number = {122},
	journal = {Terminal. Technologie de l'information, culture \& société},
	author = {Gossart, Cédric and Jullien, Nicolas and Massé, David and Özman, Müge},
	year = {2018}
}